{
  "ticker": "AAPL",
  "initialization_date": "2025-08-23T18:56:39.241776",
  "total_quarters": 20,
  "api_calls_made": 4,
  "quarterly_data": [
    {
      "quarter_label": "2025-Q3",
      "date": "2025-06-28",
      "symbol": "AAPL",
      "reportedCurrency": "USD",
      "cik": "0000320193",
      "filingDate": "2025-08-01",
      "acceptedDate": "2025-08-01 06:00:42",
      "fiscalYear": "2025",
      "period": "Q3",
      "revenue": 94036000000,
      "costOfRevenue": 50318000000,
      "grossProfit": 43718000000,
      "researchAndDevelopmentExpenses": 8866000000,
      "generalAndAdministrativeExpenses": 0,
      "sellingAndMarketingExpenses": 0,
      "sellingGeneralAndAdministrativeExpenses": 6650000000,
      "otherExpenses": 0,
      "operatingExpenses": 15516000000,
      "costAndExpenses": 65834000000,
      "netInterestIncome": 0,
      "interestIncome": 0,
      "interestExpense": 0,
      "depreciationAndAmortization": 2830000000,
      "ebitda": 31032000000,
      "ebit": 28202000000,
      "nonOperatingIncomeExcludingInterest": 0,
      "operatingIncome": 28202000000,
      "totalOtherIncomeExpensesNet": -171000000,
      "incomeBeforeTax": 28031000000,
      "incomeTaxExpense": 4597000000,
      "netIncomeFromContinuingOperations": 23434000000,
      "netIncomeFromDiscontinuedOperations": 0,
      "otherAdjustmentsToNetIncome": 0,
      "netIncome": 23434000000,
      "netIncomeDeductions": 0,
      "bottomLineNetIncome": 23434000000,
      "eps": 1.57,
      "epsDiluted": 1.57,
      "weightedAverageShsOut": 14902886000,
      "weightedAverageShsOutDil": 14948179000
    },
    {
      "quarter_label": "2025-Q2",
      "date": "2025-03-29",
      "symbol": "AAPL",
      "reportedCurrency": "USD",
      "cik": "0000320193",
      "filingDate": "2025-05-02",
      "acceptedDate": "2025-05-02 06:00:46",
      "fiscalYear": "2025",
      "period": "Q2",
      "revenue": 95359000000,
      "costOfRevenue": 50492000000,
      "grossProfit": 44867000000,
      "researchAndDevelopmentExpenses": 8550000000,
      "generalAndAdministrativeExpenses": 0,
      "sellingAndMarketingExpenses": 0,
      "sellingGeneralAndAdministrativeExpenses": 6728000000,
      "otherExpenses": 0,
      "operatingExpenses": 15278000000,
      "costAndExpenses": 65770000000,
      "netInterestIncome": 0,
      "interestIncome": 0,
      "interestExpense": 0,
      "depreciationAndAmortization": 2661000000,
      "ebitda": 32250000000,
      "ebit": 29589000000,
      "nonOperatingIncomeExcludingInterest": 0,
      "operatingIncome": 29589000000,
      "totalOtherIncomeExpensesNet": -279000000,
      "incomeBeforeTax": 29310000000,
      "incomeTaxExpense": 4530000000,
      "netIncomeFromContinuingOperations": 24780000000,
      "netIncomeFromDiscontinuedOperations": 0,
      "otherAdjustmentsToNetIncome": 0,
      "netIncome": 24780000000,
      "netIncomeDeductions": 0,
      "bottomLineNetIncome": 24780000000,
      "eps": 1.65,
      "epsDiluted": 1.65,
      "weightedAverageShsOut": 14994082000,
      "weightedAverageShsOutDil": 15056133000
    },
    {
      "quarter_label": "2025-Q1",
      "date": "2024-12-28",
      "symbol": "AAPL",
      "reportedCurrency": "USD",
      "cik": "0000320193",
      "filingDate": "2025-01-31",
      "acceptedDate": "2025-01-31 06:01:27",
      "fiscalYear": "2025",
      "period": "Q1",
      "revenue": 124300000000,
      "costOfRevenue": 66025000000,
      "grossProfit": 58275000000,
      "researchAndDevelopmentExpenses": 8268000000,
      "generalAndAdministrativeExpenses": 0,
      "sellingAndMarketingExpenses": 0,
      "sellingGeneralAndAdministrativeExpenses": 7175000000,
      "otherExpenses": 0,
      "operatingExpenses": 15443000000,
      "costAndExpenses": 81468000000,
      "netInterestIncome": 0,
      "interestIncome": 0,
      "interestExpense": 0,
      "depreciationAndAmortization": 3080000000,
      "ebitda": 45912000000,
      "ebit": 42832000000,
      "nonOperatingIncomeExcludingInterest": 0,
      "operatingIncome": 42832000000,
      "totalOtherIncomeExpensesNet": -248000000,
      "incomeBeforeTax": 42584000000,
      "incomeTaxExpense": 6254000000,
      "netIncomeFromContinuingOperations": 36330000000,
      "netIncomeFromDiscontinuedOperations": 0,
      "otherAdjustmentsToNetIncome": 0,
      "netIncome": 36330000000,
      "netIncomeDeductions": 0,
      "bottomLineNetIncome": 36330000000,
      "eps": 2.41,
      "epsDiluted": 2.4,
      "weightedAverageShsOut": 15081724000,
      "weightedAverageShsOutDil": 15150865000
    },
    {
      "quarter_label": "2024-Q4",
      "date": "2024-09-28",
      "symbol": "AAPL",
      "reportedCurrency": "USD",
      "cik": "0000320193",
      "filingDate": "2024-11-01",
      "acceptedDate": "2024-11-01 06:01:36",
      "fiscalYear": "2024",
      "period": "Q4",
      "revenue": 94930000000,
      "costOfRevenue": 51051000000,
      "grossProfit": 43879000000,
      "researchAndDevelopmentExpenses": 7765000000,
      "generalAndAdministrativeExpenses": 0,
      "sellingAndMarketingExpenses": 0,
      "sellingGeneralAndAdministrativeExpenses": 6523000000,
      "otherExpenses": 0,
      "operatingExpenses": 14288000000,
      "costAndExpenses": 65339000000,
      "netInterestIncome": 0,
      "interestIncome": 0,
      "interestExpense": 0,
      "depreciationAndAmortization": 2911000000,
      "ebitda": 32502000000,
      "ebit": 29591000000,
      "nonOperatingIncomeExcludingInterest": 0,
      "operatingIncome": 29591000000,
      "totalOtherIncomeExpensesNet": 19000000,
      "incomeBeforeTax": 29610000000,
      "incomeTaxExpense": 14874000000,
      "netIncomeFromContinuingOperations": 14736000000,
      "netIncomeFromDiscontinuedOperations": 0,
      "otherAdjustmentsToNetIncome": 0,
      "netIncome": 14736000000,
      "netIncomeDeductions": 0,
      "bottomLineNetIncome": 14736000000,
      "eps": 0.97,
      "epsDiluted": 0.97,
      "weightedAverageShsOut": 15171990000,
      "weightedAverageShsOutDil": 15242853000
    },
    {
      "quarter_label": "2024-Q3",
      "date": "2024-06-29",
      "symbol": "AAPL",
      "reportedCurrency": "USD",
      "cik": "0000320193",
      "filingDate": "2024-08-02",
      "acceptedDate": "2024-08-01 18:03:34",
      "fiscalYear": "2024",
      "period": "Q3",
      "revenue": 85777000000,
      "costOfRevenue": 46099000000,
      "grossProfit": 39678000000,
      "researchAndDevelopmentExpenses": 8006000000,
      "generalAndAdministrativeExpenses": 0,
      "sellingAndMarketingExpenses": 0,
      "sellingGeneralAndAdministrativeExpenses": 6320000000,
      "otherExpenses": 0,
      "operatingExpenses": 14326000000,
      "costAndExpenses": 60425000000,
      "netInterestIncome": 0,
      "interestIncome": 0,
      "interestExpense": 0,
      "depreciationAndAmortization": 2850000000,
      "ebitda": 28202000000,
      "ebit": 25352000000,
      "nonOperatingIncomeExcludingInterest": 0,
      "operatingIncome": 25352000000,
      "totalOtherIncomeExpensesNet": 142000000,
      "incomeBeforeTax": 25494000000,
      "incomeTaxExpense": 4046000000,
      "netIncomeFromContinuingOperations": 21448000000,
      "netIncomeFromDiscontinuedOperations": 0,
      "otherAdjustmentsToNetIncome": 0,
      "netIncome": 21448000000,
      "netIncomeDeductions": 0,
      "bottomLineNetIncome": 21448000000,
      "eps": 1.4,
      "epsDiluted": 1.4,
      "weightedAverageShsOut": 15287521000,
      "weightedAverageShsOutDil": 15348175000
    },
    {
      "quarter_label": "2024-Q2",
      "date": "2024-03-30",
      "symbol": "AAPL",
      "reportedCurrency": "USD",
      "cik": "0000320193",
      "filingDate": "2024-05-03",
      "acceptedDate": "2024-05-02 18:04:25",
      "fiscalYear": "2024",
      "period": "Q2",
      "revenue": 90753000000,
      "costOfRevenue": 48482000000,
      "grossProfit": 42271000000,
      "researchAndDevelopmentExpenses": 7903000000,
      "generalAndAdministrativeExpenses": 0,
      "sellingAndMarketingExpenses": 0,
      "sellingGeneralAndAdministrativeExpenses": 6468000000,
      "otherExpenses": 0,
      "operatingExpenses": 14371000000,
      "costAndExpenses": 62853000000,
      "netInterestIncome": 0,
      "interestIncome": 0,
      "interestExpense": 0,
      "depreciationAndAmortization": 2836000000,
      "ebitda": 30736000000,
      "ebit": 27900000000,
      "nonOperatingIncomeExcludingInterest": 0,
      "operatingIncome": 27900000000,
      "totalOtherIncomeExpensesNet": 158000000,
      "incomeBeforeTax": 28058000000,
      "incomeTaxExpense": 4422000000,
      "netIncomeFromContinuingOperations": 23636000000,
      "netIncomeFromDiscontinuedOperations": 0,
      "otherAdjustmentsToNetIncome": 0,
      "netIncome": 23636000000,
      "netIncomeDeductions": 0,
      "bottomLineNetIncome": 23636000000,
      "eps": 1.53,
      "epsDiluted": 1.53,
      "weightedAverageShsOut": 15405856000,
      "weightedAverageShsOutDil": 15464709000
    },
    {
      "quarter_label": "2024-Q1",
      "date": "2023-12-30",
      "symbol": "AAPL",
      "reportedCurrency": "USD",
      "cik": "0000320193",
      "filingDate": "2024-02-02",
      "acceptedDate": "2024-02-01 18:03:38",
      "fiscalYear": "2024",
      "period": "Q1",
      "revenue": 119575000000,
      "costOfRevenue": 64720000000,
      "grossProfit": 54855000000,
      "researchAndDevelopmentExpenses": 7696000000,
      "generalAndAdministrativeExpenses": 0,
      "sellingAndMarketingExpenses": 0,
      "sellingGeneralAndAdministrativeExpenses": 6786000000,
      "otherExpenses": 0,
      "operatingExpenses": 14482000000,
      "costAndExpenses": 79202000000,
      "netInterestIncome": 0,
      "interestIncome": 0,
      "interestExpense": 0,
      "depreciationAndAmortization": 2848000000,
      "ebitda": 43221000000,
      "ebit": 40373000000,
      "nonOperatingIncomeExcludingInterest": 0,
      "operatingIncome": 40373000000,
      "totalOtherIncomeExpensesNet": -50000000,
      "incomeBeforeTax": 40323000000,
      "incomeTaxExpense": 6407000000,
      "netIncomeFromContinuingOperations": 33916000000,
      "netIncomeFromDiscontinuedOperations": 0,
      "otherAdjustmentsToNetIncome": 0,
      "netIncome": 33916000000,
      "netIncomeDeductions": 0,
      "bottomLineNetIncome": 33916000000,
      "eps": 2.19,
      "epsDiluted": 2.18,
      "weightedAverageShsOut": 15509763000,
      "weightedAverageShsOutDil": 15576641000
    },
    {
      "quarter_label": "2023-Q4",
      "date": "2023-09-30",
      "symbol": "AAPL",
      "reportedCurrency": "USD",
      "cik": "0000320193",
      "filingDate": "2023-11-03",
      "acceptedDate": "2023-11-02 18:08:27",
      "fiscalYear": "2023",
      "period": "Q4",
      "revenue": 89498000000,
      "costOfRevenue": 49071000000,
      "grossProfit": 40427000000,
      "researchAndDevelopmentExpenses": 7307000000,
      "generalAndAdministrativeExpenses": 0,
      "sellingAndMarketingExpenses": 0,
      "sellingGeneralAndAdministrativeExpenses": 6151000000,
      "otherExpenses": 0,
      "operatingExpenses": 13458000000,
      "costAndExpenses": 62529000000,
      "netInterestIncome": -18000000,
      "interestIncome": 984000000,
      "interestExpense": 1002000000,
      "depreciationAndAmortization": 2653000000,
      "ebitda": 30653000000,
      "ebit": 28000000000,
      "nonOperatingIncomeExcludingInterest": -1031000000,
      "operatingIncome": 26969000000,
      "totalOtherIncomeExpensesNet": 29000000,
      "incomeBeforeTax": 26998000000,
      "incomeTaxExpense": 4042000000,
      "netIncomeFromContinuingOperations": 22956000000,
      "netIncomeFromDiscontinuedOperations": 0,
      "otherAdjustmentsToNetIncome": 0,
      "netIncome": 22956000000,
      "netIncomeDeductions": 0,
      "bottomLineNetIncome": 22956000000,
      "eps": 1.47,
      "epsDiluted": 1.46,
      "weightedAverageShsOut": 15599434000,
      "weightedAverageShsOutDil": 15672400000
    },
    {
      "quarter_label": "2023-Q3",
      "date": "2023-07-01",
      "symbol": "AAPL",
      "reportedCurrency": "USD",
      "cik": "0000320193",
      "filingDate": "2023-08-04",
      "acceptedDate": "2023-08-03 18:04:43",
      "fiscalYear": "2023",
      "period": "Q3",
      "revenue": 81797000000,
      "costOfRevenue": 45384000000,
      "grossProfit": 36413000000,
      "researchAndDevelopmentExpenses": 7442000000,
      "generalAndAdministrativeExpenses": 0,
      "sellingAndMarketingExpenses": 0,
      "sellingGeneralAndAdministrativeExpenses": 5973000000,
      "otherExpenses": 0,
      "operatingExpenses": 13415000000,
      "costAndExpenses": 58799000000,
      "netInterestIncome": -18000000,
      "interestIncome": 980000000,
      "interestExpense": 998000000,
      "depreciationAndAmortization": 3052000000,
      "ebitda": 26050000000,
      "ebit": 22998000000,
      "nonOperatingIncomeExcludingInterest": 0,
      "operatingIncome": 22998000000,
      "totalOtherIncomeExpensesNet": -265000000,
      "incomeBeforeTax": 22733000000,
      "incomeTaxExpense": 2852000000,
      "netIncomeFromContinuingOperations": 19881000000,
      "netIncomeFromDiscontinuedOperations": 0,
      "otherAdjustmentsToNetIncome": 0,
      "netIncome": 19881000000,
      "netIncomeDeductions": 0,
      "bottomLineNetIncome": 19881000000,
      "eps": 1.27,
      "epsDiluted": 1.26,
      "weightedAverageShsOut": 15697614000,
      "weightedAverageShsOutDil": 15775021000
    },
    {
      "quarter_label": "2023-Q2",
      "date": "2023-04-01",
      "symbol": "AAPL",
      "reportedCurrency": "USD",
      "cik": "0000320193",
      "filingDate": "2023-05-05",
      "acceptedDate": "2023-05-04 18:03:52",
      "fiscalYear": "2023",
      "period": "Q2",
      "revenue": 94836000000,
      "costOfRevenue": 52860000000,
      "grossProfit": 41976000000,
      "researchAndDevelopmentExpenses": 7457000000,
      "generalAndAdministrativeExpenses": 0,
      "sellingAndMarketingExpenses": 0,
      "sellingGeneralAndAdministrativeExpenses": 6201000000,
      "otherExpenses": 0,
      "operatingExpenses": 13658000000,
      "costAndExpenses": 66518000000,
      "netInterestIncome": -12000000,
      "interestIncome": 918000000,
      "interestExpense": 930000000,
      "depreciationAndAmortization": 2898000000,
      "ebitda": 31216000000,
      "ebit": 28318000000,
      "nonOperatingIncomeExcludingInterest": 0,
      "operatingIncome": 28318000000,
      "totalOtherIncomeExpensesNet": 64000000,
      "incomeBeforeTax": 28382000000,
      "incomeTaxExpense": 4222000000,
      "netIncomeFromContinuingOperations": 24160000000,
      "netIncomeFromDiscontinuedOperations": 0,
      "otherAdjustmentsToNetIncome": 0,
      "netIncome": 24160000000,
      "netIncomeDeductions": 0,
      "bottomLineNetIncome": 24160000000,
      "eps": 1.53,
      "epsDiluted": 1.52,
      "weightedAverageShsOut": 15787154000,
      "weightedAverageShsOutDil": 15847050000
    },
    {
      "quarter_label": "2023-Q1",
      "date": "2022-12-31",
      "symbol": "AAPL",
      "reportedCurrency": "USD",
      "cik": "0000320193",
      "filingDate": "2023-02-03",
      "acceptedDate": "2023-02-02 18:01:30",
      "fiscalYear": "2023",
      "period": "Q1",
      "revenue": 117154000000,
      "costOfRevenue": 66822000000,
      "grossProfit": 50332000000,
      "researchAndDevelopmentExpenses": 7709000000,
      "generalAndAdministrativeExpenses": 0,
      "sellingAndMarketingExpenses": 0,
      "sellingGeneralAndAdministrativeExpenses": 6607000000,
      "otherExpenses": 0,
      "operatingExpenses": 14316000000,
      "costAndExpenses": 81138000000,
      "netInterestIncome": -135000000,
      "interestIncome": 868000000,
      "interestExpense": 1003000000,
      "depreciationAndAmortization": 2916000000,
      "ebitda": 38932000000,
      "ebit": 36016000000,
      "nonOperatingIncomeExcludingInterest": 0,
      "operatingIncome": 36016000000,
      "totalOtherIncomeExpensesNet": -393000000,
      "incomeBeforeTax": 35623000000,
      "incomeTaxExpense": 5625000000,
      "netIncomeFromContinuingOperations": 29998000000,
      "netIncomeFromDiscontinuedOperations": 0,
      "otherAdjustmentsToNetIncome": 0,
      "netIncome": 29998000000,
      "netIncomeDeductions": 0,
      "bottomLineNetIncome": 29998000000,
      "eps": 1.89,
      "epsDiluted": 1.88,
      "weightedAverageShsOut": 15892723000,
      "weightedAverageShsOutDil": 15955718000
    },
    {
      "quarter_label": "2022-Q4",
      "date": "2022-09-24",
      "symbol": "AAPL",
      "reportedCurrency": "USD",
      "cik": "0000320193",
      "filingDate": "2022-10-28",
      "acceptedDate": "2022-10-27 18:01:14",
      "fiscalYear": "2022",
      "period": "Q4",
      "revenue": 90146000000,
      "costOfRevenue": 52051000000,
      "grossProfit": 38095000000,
      "researchAndDevelopmentExpenses": 6761000000,
      "generalAndAdministrativeExpenses": 0,
      "sellingAndMarketingExpenses": 0,
      "sellingGeneralAndAdministrativeExpenses": 6440000000,
      "otherExpenses": 0,
      "operatingExpenses": 13201000000,
      "costAndExpenses": 65252000000,
      "netInterestIncome": -74000000,
      "interestIncome": 753000000,
      "interestExpense": 827000000,
      "depreciationAndAmortization": 2865000000,
      "ebitda": 28349000000,
      "ebit": 25484000000,
      "nonOperatingIncomeExcludingInterest": -590000000,
      "operatingIncome": 24894000000,
      "totalOtherIncomeExpensesNet": -237000000,
      "incomeBeforeTax": 24657000000,
      "incomeTaxExpense": 3936000000,
      "netIncomeFromContinuingOperations": 20721000000,
      "netIncomeFromDiscontinuedOperations": 0,
      "otherAdjustmentsToNetIncome": 0,
      "netIncome": 20721000000,
      "netIncomeDeductions": 0,
      "bottomLineNetIncome": 20721000000,
      "eps": 1.29,
      "epsDiluted": 1.29,
      "weightedAverageShsOut": 16030382000,
      "weightedAverageShsOutDil": 16118465000
    },
    {
      "quarter_label": "2022-Q3",
      "date": "2022-06-25",
      "symbol": "AAPL",
      "reportedCurrency": "USD",
      "cik": "0000320193",
      "filingDate": "2022-07-29",
      "acceptedDate": "2022-07-28 18:06:56",
      "fiscalYear": "2022",
      "period": "Q3",
      "revenue": 82959000000,
      "costOfRevenue": 47074000000,
      "grossProfit": 35885000000,
      "researchAndDevelopmentExpenses": 6797000000,
      "generalAndAdministrativeExpenses": 0,
      "sellingAndMarketingExpenses": 0,
      "sellingGeneralAndAdministrativeExpenses": 6012000000,
      "otherExpenses": 0,
      "operatingExpenses": 12809000000,
      "costAndExpenses": 59883000000,
      "netInterestIncome": 3000000,
      "interestIncome": 722000000,
      "interestExpense": 719000000,
      "depreciationAndAmortization": 2805000000,
      "ebitda": 26590000000,
      "ebit": 23785000000,
      "nonOperatingIncomeExcludingInterest": -709000000,
      "operatingIncome": 23076000000,
      "totalOtherIncomeExpensesNet": -10000000,
      "incomeBeforeTax": 23066000000,
      "incomeTaxExpense": 3624000000,
      "netIncomeFromContinuingOperations": 19442000000,
      "netIncomeFromDiscontinuedOperations": 0,
      "otherAdjustmentsToNetIncome": 0,
      "netIncome": 19442000000,
      "netIncomeDeductions": 0,
      "bottomLineNetIncome": 19442000000,
      "eps": 1.2,
      "epsDiluted": 1.2,
      "weightedAverageShsOut": 16162945000,
      "weightedAverageShsOutDil": 16262203000
    },
    {
      "quarter_label": "2022-Q2",
      "date": "2022-03-26",
      "symbol": "AAPL",
      "reportedCurrency": "USD",
      "cik": "0000320193",
      "filingDate": "2022-04-29",
      "acceptedDate": "2022-04-28 18:03:58",
      "fiscalYear": "2022",
      "period": "Q2",
      "revenue": 97278000000,
      "costOfRevenue": 54719000000,
      "grossProfit": 42559000000,
      "researchAndDevelopmentExpenses": 6387000000,
      "generalAndAdministrativeExpenses": 0,
      "sellingAndMarketingExpenses": 0,
      "sellingGeneralAndAdministrativeExpenses": 6193000000,
      "otherExpenses": 0,
      "operatingExpenses": 12580000000,
      "costAndExpenses": 67299000000,
      "netInterestIncome": 9000000,
      "interestIncome": 700000000,
      "interestExpense": 691000000,
      "depreciationAndAmortization": 2737000000,
      "ebitda": 33567000000,
      "ebit": 30830000000,
      "nonOperatingIncomeExcludingInterest": -851000000,
      "operatingIncome": 29979000000,
      "totalOtherIncomeExpensesNet": 160000000,
      "incomeBeforeTax": 30139000000,
      "incomeTaxExpense": 5129000000,
      "netIncomeFromContinuingOperations": 25010000000,
      "netIncomeFromDiscontinuedOperations": 0,
      "otherAdjustmentsToNetIncome": 0,
      "netIncome": 25010000000,
      "netIncomeDeductions": 0,
      "bottomLineNetIncome": 25010000000,
      "eps": 1.54,
      "epsDiluted": 1.52,
      "weightedAverageShsOut": 16278802000,
      "weightedAverageShsOutDil": 16403316000
    },
    {
      "quarter_label": "2022-Q1",
      "date": "2021-12-25",
      "symbol": "AAPL",
      "reportedCurrency": "USD",
      "cik": "0000320193",
      "filingDate": "2022-01-28",
      "acceptedDate": "2022-01-27 18:00:58",
      "fiscalYear": "2022",
      "period": "Q1",
      "revenue": 123945000000,
      "costOfRevenue": 69702000000,
      "grossProfit": 54243000000,
      "researchAndDevelopmentExpenses": 6306000000,
      "generalAndAdministrativeExpenses": 0,
      "sellingAndMarketingExpenses": 0,
      "sellingGeneralAndAdministrativeExpenses": 6449000000,
      "otherExpenses": 0,
      "operatingExpenses": 12755000000,
      "costAndExpenses": 82457000000,
      "netInterestIncome": -44000000,
      "interestIncome": 650000000,
      "interestExpense": 694000000,
      "depreciationAndAmortization": 2697000000,
      "ebitda": 44632000000,
      "ebit": 41935000000,
      "nonOperatingIncomeExcludingInterest": -447000000,
      "operatingIncome": 41488000000,
      "totalOtherIncomeExpensesNet": -247000000,
      "incomeBeforeTax": 41241000000,
      "incomeTaxExpense": 6611000000,
      "netIncomeFromContinuingOperations": 34630000000,
      "netIncomeFromDiscontinuedOperations": 0,
      "otherAdjustmentsToNetIncome": 0,
      "netIncome": 34630000000,
      "netIncomeDeductions": 0,
      "bottomLineNetIncome": 34630000000,
      "eps": 2.11,
      "epsDiluted": 2.1,
      "weightedAverageShsOut": 16391724000,
      "weightedAverageShsOutDil": 16519291000
    },
    {
      "quarter_label": "2021-Q4",
      "date": "2021-09-25",
      "symbol": "AAPL",
      "reportedCurrency": "USD",
      "cik": "0000320193",
      "filingDate": "2021-10-29",
      "acceptedDate": "2021-10-28 18:04:28",
      "fiscalYear": "2021",
      "period": "Q4",
      "revenue": 83360000000,
      "costOfRevenue": 48186000000,
      "grossProfit": 35174000000,
      "researchAndDevelopmentExpenses": 5772000000,
      "generalAndAdministrativeExpenses": 0,
      "sellingAndMarketingExpenses": 0,
      "sellingGeneralAndAdministrativeExpenses": 5616000000,
      "otherExpenses": 0,
      "operatingExpenses": 11388000000,
      "costAndExpenses": 59574000000,
      "netInterestIncome": -13000000,
      "interestIncome": 659000000,
      "interestExpense": 672000000,
      "depreciationAndAmortization": 2989000000,
      "ebitda": 26909000000,
      "ebit": 23920000000,
      "nonOperatingIncomeExcludingInterest": -134000000,
      "operatingIncome": 23786000000,
      "totalOtherIncomeExpensesNet": -538000000,
      "incomeBeforeTax": 23248000000,
      "incomeTaxExpense": 2697000000,
      "netIncomeFromContinuingOperations": 20551000000,
      "netIncomeFromDiscontinuedOperations": 0,
      "otherAdjustmentsToNetIncome": 0,
      "netIncome": 20551000000,
      "netIncomeDeductions": 0,
      "bottomLineNetIncome": 20551000000,
      "eps": 1.25,
      "epsDiluted": 1.24,
      "weightedAverageShsOut": 16487121000,
      "weightedAverageShsOutDil": 16635097000
    },
    {
      "quarter_label": "2021-Q3",
      "date": "2021-06-26",
      "symbol": "AAPL",
      "reportedCurrency": "USD",
      "cik": "0000320193",
      "filingDate": "2021-07-28",
      "acceptedDate": "2021-07-27 18:03:42",
      "fiscalYear": "2021",
      "period": "Q3",
      "revenue": 81434000000,
      "costOfRevenue": 46179000000,
      "grossProfit": 35255000000,
      "researchAndDevelopmentExpenses": 5717000000,
      "generalAndAdministrativeExpenses": 0,
      "sellingAndMarketingExpenses": 0,
      "sellingGeneralAndAdministrativeExpenses": 5412000000,
      "otherExpenses": 0,
      "operatingExpenses": 11129000000,
      "costAndExpenses": 57308000000,
      "netInterestIncome": 54000000,
      "interestIncome": 719000000,
      "interestExpense": 665000000,
      "depreciationAndAmortization": 2832000000,
      "ebitda": 27866000000,
      "ebit": 25034000000,
      "nonOperatingIncomeExcludingInterest": -908000000,
      "operatingIncome": 24126000000,
      "totalOtherIncomeExpensesNet": 243000000,
      "incomeBeforeTax": 24369000000,
      "incomeTaxExpense": 2625000000,
      "netIncomeFromContinuingOperations": 21744000000,
      "netIncomeFromDiscontinuedOperations": 0,
      "otherAdjustmentsToNetIncome": 0,
      "netIncome": 21744000000,
      "netIncomeDeductions": 0,
      "bottomLineNetIncome": 21744000000,
      "eps": 1.31,
      "epsDiluted": 1.3,
      "weightedAverageShsOut": 16629371000,
      "weightedAverageShsOutDil": 16781735000
    },
    {
      "quarter_label": "2021-Q2",
      "date": "2021-03-27",
      "symbol": "AAPL",
      "reportedCurrency": "USD",
      "cik": "0000320193",
      "filingDate": "2021-04-29",
      "acceptedDate": "2021-04-28 18:02:54",
      "fiscalYear": "2021",
      "period": "Q2",
      "revenue": 89584000000,
      "costOfRevenue": 51505000000,
      "grossProfit": 38079000000,
      "researchAndDevelopmentExpenses": 5262000000,
      "generalAndAdministrativeExpenses": 0,
      "sellingAndMarketingExpenses": 0,
      "sellingGeneralAndAdministrativeExpenses": 5314000000,
      "otherExpenses": 0,
      "operatingExpenses": 10576000000,
      "costAndExpenses": 62081000000,
      "netInterestIncome": 48000000,
      "interestIncome": 718000000,
      "interestExpense": 670000000,
      "depreciationAndAmortization": 2797000000,
      "ebitda": 31478000000,
      "ebit": 28681000000,
      "nonOperatingIncomeExcludingInterest": -1178000000,
      "operatingIncome": 27503000000,
      "totalOtherIncomeExpensesNet": 508000000,
      "incomeBeforeTax": 28011000000,
      "incomeTaxExpense": 4381000000,
      "netIncomeFromContinuingOperations": 23630000000,
      "netIncomeFromDiscontinuedOperations": 0,
      "otherAdjustmentsToNetIncome": 0,
      "netIncome": 23630000000,
      "netIncomeDeductions": 0,
      "bottomLineNetIncome": 23630000000,
      "eps": 1.41,
      "epsDiluted": 1.4,
      "weightedAverageShsOut": 16753476000,
      "weightedAverageShsOutDil": 16929157000
    },
    {
      "quarter_label": "2021-Q1",
      "date": "2020-12-26",
      "symbol": "AAPL",
      "reportedCurrency": "USD",
      "cik": "0000320193",
      "filingDate": "2021-01-28",
      "acceptedDate": "2021-01-27 18:03:06",
      "fiscalYear": "2021",
      "period": "Q1",
      "revenue": 111439000000,
      "costOfRevenue": 67111000000,
      "grossProfit": 44328000000,
      "researchAndDevelopmentExpenses": 5163000000,
      "generalAndAdministrativeExpenses": 0,
      "sellingAndMarketingExpenses": 0,
      "sellingGeneralAndAdministrativeExpenses": 5631000000,
      "otherExpenses": 0,
      "operatingExpenses": 10794000000,
      "costAndExpenses": 77905000000,
      "netInterestIncome": 109000000,
      "interestIncome": 747000000,
      "interestExpense": 638000000,
      "depreciationAndAmortization": 2666000000,
      "ebitda": 36883000000,
      "ebit": 34217000000,
      "nonOperatingIncomeExcludingInterest": -683000000,
      "operatingIncome": 33534000000,
      "totalOtherIncomeExpensesNet": 45000000,
      "incomeBeforeTax": 33579000000,
      "incomeTaxExpense": 4824000000,
      "netIncomeFromContinuingOperations": 28755000000,
      "netIncomeFromDiscontinuedOperations": 0,
      "otherAdjustmentsToNetIncome": 0,
      "netIncome": 28755000000,
      "netIncomeDeductions": 0,
      "bottomLineNetIncome": 28755000000,
      "eps": 1.7,
      "epsDiluted": 1.68,
      "weightedAverageShsOut": 16935119000,
      "weightedAverageShsOutDil": 17113688000
    },
    {
      "quarter_label": "2020-Q4",
      "date": "2020-09-26",
      "symbol": "AAPL",
      "reportedCurrency": "USD",
      "cik": "0000320193",
      "filingDate": "2020-10-30",
      "acceptedDate": "2020-10-29 18:06:25",
      "fiscalYear": "2020",
      "period": "Q4",
      "revenue": 64698000000,
      "costOfRevenue": 40009000000,
      "grossProfit": 24689000000,
      "researchAndDevelopmentExpenses": 4978000000,
      "generalAndAdministrativeExpenses": 0,
      "sellingAndMarketingExpenses": 0,
      "sellingGeneralAndAdministrativeExpenses": 4936000000,
      "otherExpenses": 0,
      "operatingExpenses": 9914000000,
      "costAndExpenses": 49923000000,
      "netInterestIncome": 134000000,
      "interestIncome": 768000000,
      "interestExpense": 634000000,
      "depreciationAndAmortization": 2702000000,
      "ebitda": 18237000000,
      "ebit": 15535000000,
      "nonOperatingIncomeExcludingInterest": -760000000,
      "operatingIncome": 14775000000,
      "totalOtherIncomeExpensesNet": 126000000,
      "incomeBeforeTax": 14901000000,
      "incomeTaxExpense": 2228000000,
      "netIncomeFromContinuingOperations": 12673000000,
      "netIncomeFromDiscontinuedOperations": 0,
      "otherAdjustmentsToNetIncome": 0,
      "netIncome": 12673000000,
      "netIncomeDeductions": 0,
      "bottomLineNetIncome": 12673000000,
      "eps": 0.74,
      "epsDiluted": 0.73,
      "weightedAverageShsOut": 17057622000,
      "weightedAverageShsOutDil": 17256521000
    }
  ],
  "data_summary": {
    "earliest_quarter": "2020-Q4",
    "latest_quarter": "2025-Q3",
    "years_covered": 6
  }
}