{
  "ticker": "ADBE",
  "initialization_date": "2025-08-23T19:06:14.434286",
  "total_quarters": 20,
  "api_calls_made": 4,
  "quarterly_data": [
    {
      "quarter_label": "2025-Q2",
      "date": "2025-05-30",
      "symbol": "ADBE",
      "reportedCurrency": "USD",
      "cik": "0000796343",
      "filingDate": "2025-06-25",
      "acceptedDate": "2025-06-25 16:02:29",
      "fiscalYear": "2025",
      "period": "Q2",
      "revenue": 5873000000,
      "costOfRevenue": 638000000,
      "grossProfit": 5235000000,
      "researchAndDevelopmentExpenses": 1082000000,
      "generalAndAdministrativeExpenses": 377000000,
      "sellingAndMarketingExpenses": 1626000000,
      "sellingGeneralAndAdministrativeExpenses": 2003000000,
      "otherExpenses": 41000000,
      "operatingExpenses": 3126000000,
      "costAndExpenses": 3764000000,
      "netInterestIncome": -68000000,
      "interestIncome": 0,
      "interestExpense": 68000000,
      "depreciationAndAmortization": 209000000,
      "ebitda": 2378000000,
      "ebit": 2169000000,
      "nonOperatingIncomeExcludingInterest": -60000000,
      "operatingIncome": 2109000000,
      "totalOtherIncomeExpensesNet": -8000000,
      "incomeBeforeTax": 2101000000,
      "incomeTaxExpense": 410000000,
      "netIncomeFromContinuingOperations": 1691000000,
      "netIncomeFromDiscontinuedOperations": 0,
      "otherAdjustmentsToNetIncome": 0,
      "netIncome": 1691000000,
      "netIncomeDeductions": 0,
      "bottomLineNetIncome": 1691000000,
      "eps": 3.95,
      "epsDiluted": 3.95,
      "weightedAverageShsOut": 432000000,
      "weightedAverageShsOutDil": 433000000
    },
    {
      "quarter_label": "2025-Q1",
      "date": "2025-02-28",
      "symbol": "ADBE",
      "reportedCurrency": "USD",
      "cik": "0000796343",
      "filingDate": "2025-03-26",
      "acceptedDate": "2025-03-26 16:03:42",
      "fiscalYear": "2025",
      "period": "Q1",
      "revenue": 5714000000,
      "costOfRevenue": 622000000,
      "grossProfit": 5092000000,
      "researchAndDevelopmentExpenses": 1026000000,
      "generalAndAdministrativeExpenses": 367000000,
      "sellingAndMarketingExpenses": 1495000000,
      "sellingGeneralAndAdministrativeExpenses": 1862000000,
      "otherExpenses": 41000000,
      "operatingExpenses": 2929000000,
      "costAndExpenses": 3551000000,
      "netInterestIncome": -62000000,
      "interestIncome": 0,
      "interestExpense": 62000000,
      "depreciationAndAmortization": 217000000,
      "ebitda": 2461000000,
      "ebit": 2244000000,
      "nonOperatingIncomeExcludingInterest": -81000000,
      "operatingIncome": 2163000000,
      "totalOtherIncomeExpensesNet": 19000000,
      "incomeBeforeTax": 2182000000,
      "incomeTaxExpense": 371000000,
      "netIncomeFromContinuingOperations": 1811000000,
      "netIncomeFromDiscontinuedOperations": 0,
      "otherAdjustmentsToNetIncome": 0,
      "netIncome": 1811000000,
      "netIncomeDeductions": 0,
      "bottomLineNetIncome": 1811000000,
      "eps": 4.15,
      "epsDiluted": 4.13,
      "weightedAverageShsOut": 436000000,
      "weightedAverageShsOutDil": 438000000
    },
    {
      "quarter_label": "2024-Q4",
      "date": "2024-11-29",
      "symbol": "ADBE",
      "reportedCurrency": "USD",
      "cik": "0000796343",
      "filingDate": "2025-01-13",
      "acceptedDate": "2025-01-13 16:02:17",
      "fiscalYear": "2024",
      "period": "Q4",
      "revenue": 5606000000,
      "costOfRevenue": 616000000,
      "grossProfit": 4990000000,
      "researchAndDevelopmentExpenses": 999000000,
      "generalAndAdministrativeExpenses": 456000000,
      "sellingAndMarketingExpenses": 1536000000,
      "sellingGeneralAndAdministrativeExpenses": 1992000000,
      "otherExpenses": 42000000,
      "operatingExpenses": 3033000000,
      "costAndExpenses": 3649000000,
      "netInterestIncome": -50000000,
      "interestIncome": 0,
      "interestExpense": 50000000,
      "depreciationAndAmortization": 218000000,
      "ebitda": 2259000000,
      "ebit": 2041000000,
      "nonOperatingIncomeExcludingInterest": -84000000,
      "operatingIncome": 1957000000,
      "totalOtherIncomeExpensesNet": 34000000,
      "incomeBeforeTax": 1991000000,
      "incomeTaxExpense": 308000000,
      "netIncomeFromContinuingOperations": 1683000000,
      "netIncomeFromDiscontinuedOperations": 0,
      "otherAdjustmentsToNetIncome": 0,
      "netIncome": 1683000000,
      "netIncomeDeductions": 0,
      "bottomLineNetIncome": 1683000000,
      "eps": 3.81,
      "epsDiluted": 3.8,
      "weightedAverageShsOut": 443000000,
      "weightedAverageShsOutDil": 443000000
    },
    {
      "quarter_label": "2024-Q3",
      "date": "2024-08-30",
      "symbol": "ADBE",
      "reportedCurrency": "USD",
      "cik": "0000796343",
      "filingDate": "2024-09-25",
      "acceptedDate": "2024-09-25 16:01:59",
      "fiscalYear": "2024",
      "period": "Q3",
      "revenue": 5408000000,
      "costOfRevenue": 554000000,
      "grossProfit": 4854000000,
      "researchAndDevelopmentExpenses": 1022000000,
      "generalAndAdministrativeExpenses": 366000000,
      "sellingAndMarketingExpenses": 1431000000,
      "sellingGeneralAndAdministrativeExpenses": 1797000000,
      "otherExpenses": 43000000,
      "operatingExpenses": 2862000000,
      "costAndExpenses": 3416000000,
      "netInterestIncome": -51000000,
      "interestIncome": 0,
      "interestExpense": 51000000,
      "depreciationAndAmortization": 213000000,
      "ebitda": 2306000000,
      "ebit": 2093000000,
      "nonOperatingIncomeExcludingInterest": -101000000,
      "operatingIncome": 1992000000,
      "totalOtherIncomeExpensesNet": 50000000,
      "incomeBeforeTax": 2042000000,
      "incomeTaxExpense": 358000000,
      "netIncomeFromContinuingOperations": 1684000000,
      "netIncomeFromDiscontinuedOperations": 0,
      "otherAdjustmentsToNetIncome": 0,
      "netIncome": 1684000000,
      "netIncomeDeductions": 0,
      "bottomLineNetIncome": 1684000000,
      "eps": 3.78,
      "epsDiluted": 3.76,
      "weightedAverageShsOut": 445000000,
      "weightedAverageShsOutDil": 448000000
    },
    {
      "quarter_label": "2024-Q2",
      "date": "2024-05-31",
      "symbol": "ADBE",
      "reportedCurrency": "USD",
      "cik": "0000796343",
      "filingDate": "2024-06-26",
      "acceptedDate": "2024-06-26 16:03:14",
      "fiscalYear": "2024",
      "period": "Q2",
      "revenue": 5309000000,
      "costOfRevenue": 598000000,
      "grossProfit": 4711000000,
      "researchAndDevelopmentExpenses": 984000000,
      "generalAndAdministrativeExpenses": 355000000,
      "sellingAndMarketingExpenses": 1445000000,
      "sellingGeneralAndAdministrativeExpenses": 1800000000,
      "otherExpenses": 42000000,
      "operatingExpenses": 2826000000,
      "costAndExpenses": 3424000000,
      "netInterestIncome": -41000000,
      "interestIncome": 0,
      "interestExpense": 41000000,
      "depreciationAndAmortization": 214000000,
      "ebitda": 2185000000,
      "ebit": 1971000000,
      "nonOperatingIncomeExcludingInterest": -86000000,
      "operatingIncome": 1885000000,
      "totalOtherIncomeExpensesNet": 45000000,
      "incomeBeforeTax": 1930000000,
      "incomeTaxExpense": 357000000,
      "netIncomeFromContinuingOperations": 1573000000,
      "netIncomeFromDiscontinuedOperations": 0,
      "otherAdjustmentsToNetIncome": 0,
      "netIncome": 1573000000,
      "netIncomeDeductions": 0,
      "bottomLineNetIncome": 1573000000,
      "eps": 3.5,
      "epsDiluted": 3.49,
      "weightedAverageShsOut": 449000000,
      "weightedAverageShsOutDil": 451000000
    },
    {
      "quarter_label": "2024-Q1",
      "date": "2024-03-01",
      "symbol": "ADBE",
      "reportedCurrency": "USD",
      "cik": "0000796343",
      "filingDate": "2024-03-27",
      "acceptedDate": "2024-03-27 08:05:50",
      "fiscalYear": "2024",
      "period": "Q1",
      "revenue": 5182000000,
      "costOfRevenue": 590000000,
      "grossProfit": 4592000000,
      "researchAndDevelopmentExpenses": 939000000,
      "generalAndAdministrativeExpenses": 352000000,
      "sellingAndMarketingExpenses": 1352000000,
      "sellingGeneralAndAdministrativeExpenses": 1704000000,
      "otherExpenses": 1042000000,
      "operatingExpenses": 3685000000,
      "costAndExpenses": 4275000000,
      "netInterestIncome": -27000000,
      "interestIncome": 0,
      "interestExpense": 27000000,
      "depreciationAndAmortization": 212000000,
      "ebitda": 1207000000,
      "ebit": 995000000,
      "nonOperatingIncomeExcludingInterest": -88000000,
      "operatingIncome": 907000000,
      "totalOtherIncomeExpensesNet": 61000000,
      "incomeBeforeTax": 968000000,
      "incomeTaxExpense": 348000000,
      "netIncomeFromContinuingOperations": 620000000,
      "netIncomeFromDiscontinuedOperations": 0,
      "otherAdjustmentsToNetIncome": 0,
      "netIncome": 620000000,
      "netIncomeDeductions": 0,
      "bottomLineNetIncome": 620000000,
      "eps": 1.37,
      "epsDiluted": 1.36,
      "weightedAverageShsOut": 453000000,
      "weightedAverageShsOutDil": 456000000
    },
    {
      "quarter_label": "2023-Q4",
      "date": "2023-12-01",
      "symbol": "ADBE",
      "reportedCurrency": "USD",
      "cik": "0000796343",
      "filingDate": "2024-01-17",
      "acceptedDate": "2024-01-16 20:01:55",
      "fiscalYear": "2023",
      "period": "Q4",
      "revenue": 5048000000,
      "costOfRevenue": 634000000,
      "grossProfit": 4414000000,
      "researchAndDevelopmentExpenses": 889000000,
      "generalAndAdministrativeExpenses": 372000000,
      "sellingAndMarketingExpenses": 1368000000,
      "sellingGeneralAndAdministrativeExpenses": 1740000000,
      "otherExpenses": 42000000,
      "operatingExpenses": 2671000000,
      "costAndExpenses": 3305000000,
      "netInterestIncome": 241000000,
      "interestIncome": 269000000,
      "interestExpense": 28000000,
      "depreciationAndAmortization": 240000000,
      "ebitda": 2076000000,
      "ebit": 1836000000,
      "nonOperatingIncomeExcludingInterest": -93000000,
      "operatingIncome": 1743000000,
      "totalOtherIncomeExpensesNet": 65000000,
      "incomeBeforeTax": 1808000000,
      "incomeTaxExpense": 325000000,
      "netIncomeFromContinuingOperations": 1483000000,
      "netIncomeFromDiscontinuedOperations": 0,
      "otherAdjustmentsToNetIncome": 0,
      "netIncome": 1483000000,
      "netIncomeDeductions": 0,
      "bottomLineNetIncome": 1483000000,
      "eps": 3.26,
      "epsDiluted": 3.23,
      "weightedAverageShsOut": 455000000,
      "weightedAverageShsOutDil": 459000000
    },
    {
      "quarter_label": "2023-Q3",
      "date": "2023-09-01",
      "symbol": "ADBE",
      "reportedCurrency": "USD",
      "cik": "0000796343",
      "filingDate": "2023-09-27",
      "acceptedDate": "2023-09-27 16:05:22",
      "fiscalYear": "2023",
      "period": "Q3",
      "revenue": 4890000000,
      "costOfRevenue": 580000000,
      "grossProfit": 4310000000,
      "researchAndDevelopmentExpenses": 881000000,
      "generalAndAdministrativeExpenses": 353000000,
      "sellingAndMarketingExpenses": 1337000000,
      "sellingGeneralAndAdministrativeExpenses": 1690000000,
      "otherExpenses": 42000000,
      "operatingExpenses": 2613000000,
      "costAndExpenses": 3193000000,
      "netInterestIncome": -27000000,
      "interestIncome": 0,
      "interestExpense": 27000000,
      "depreciationAndAmortization": 236000000,
      "ebitda": 2006000000,
      "ebit": 1770000000,
      "nonOperatingIncomeExcludingInterest": -73000000,
      "operatingIncome": 1697000000,
      "totalOtherIncomeExpensesNet": 46000000,
      "incomeBeforeTax": 1743000000,
      "incomeTaxExpense": 340000000,
      "netIncomeFromContinuingOperations": 1403000000,
      "netIncomeFromDiscontinuedOperations": 0,
      "otherAdjustmentsToNetIncome": 0,
      "netIncome": 1403000000,
      "netIncomeDeductions": 0,
      "bottomLineNetIncome": 1403000000,
      "eps": 3.07,
      "epsDiluted": 3.05,
      "weightedAverageShsOut": 456000000,
      "weightedAverageShsOutDil": 459000000
    },
    {
      "quarter_label": "2023-Q2",
      "date": "2023-06-02",
      "symbol": "ADBE",
      "reportedCurrency": "USD",
      "cik": "0000796343",
      "filingDate": "2023-06-28",
      "acceptedDate": "2023-06-28 16:25:23",
      "fiscalYear": "2023",
      "period": "Q2",
      "revenue": 4816000000,
      "costOfRevenue": 572000000,
      "grossProfit": 4244000000,
      "researchAndDevelopmentExpenses": 876000000,
      "generalAndAdministrativeExpenses": 357000000,
      "sellingAndMarketingExpenses": 1345000000,
      "sellingGeneralAndAdministrativeExpenses": 1702000000,
      "otherExpenses": 42000000,
      "operatingExpenses": 2620000000,
      "costAndExpenses": 3192000000,
      "netInterestIncome": -26000000,
      "interestIncome": 0,
      "interestExpense": 26000000,
      "depreciationAndAmortization": 235000000,
      "ebitda": 1911000000,
      "ebit": 1676000000,
      "nonOperatingIncomeExcludingInterest": -52000000,
      "operatingIncome": 1624000000,
      "totalOtherIncomeExpensesNet": 26000000,
      "incomeBeforeTax": 1650000000,
      "incomeTaxExpense": 355000000,
      "netIncomeFromContinuingOperations": 1295000000,
      "netIncomeFromDiscontinuedOperations": 0,
      "otherAdjustmentsToNetIncome": 0,
      "netIncome": 1295000000,
      "netIncomeDeductions": 0,
      "bottomLineNetIncome": 1295000000,
      "eps": 2.83,
      "epsDiluted": 2.82,
      "weightedAverageShsOut": 458000000,
      "weightedAverageShsOutDil": 459000000
    },
    {
      "quarter_label": "2023-Q1",
      "date": "2023-03-03",
      "symbol": "ADBE",
      "reportedCurrency": "USD",
      "cik": "0000796343",
      "filingDate": "2023-03-29",
      "acceptedDate": "2023-03-29 17:15:50",
      "fiscalYear": "2023",
      "period": "Q1",
      "revenue": 4655000000,
      "costOfRevenue": 568000000,
      "grossProfit": 4087000000,
      "researchAndDevelopmentExpenses": 827000000,
      "generalAndAdministrativeExpenses": 331000000,
      "sellingAndMarketingExpenses": 1301000000,
      "sellingGeneralAndAdministrativeExpenses": 1632000000,
      "otherExpenses": 42000000,
      "operatingExpenses": 2501000000,
      "costAndExpenses": 3069000000,
      "netInterestIncome": -32000000,
      "interestIncome": 0,
      "interestExpense": 32000000,
      "depreciationAndAmortization": 212000000,
      "ebitda": 1798000000,
      "ebit": 1586000000,
      "nonOperatingIncomeExcludingInterest": 0,
      "operatingIncome": 1586000000,
      "totalOtherIncomeExpensesNet": 12000000,
      "incomeBeforeTax": 1598000000,
      "incomeTaxExpense": 351000000,
      "netIncomeFromContinuingOperations": 1247000000,
      "netIncomeFromDiscontinuedOperations": 0,
      "otherAdjustmentsToNetIncome": 0,
      "netIncome": 1247000000,
      "netIncomeDeductions": 0,
      "bottomLineNetIncome": 1247000000,
      "eps": 2.71,
      "epsDiluted": 2.71,
      "weightedAverageShsOut": 459500000,
      "weightedAverageShsOutDil": 459500000
    },
    {
      "quarter_label": "2022-Q4",
      "date": "2022-12-02",
      "symbol": "ADBE",
      "reportedCurrency": "USD",
      "cik": "0000796343",
      "filingDate": "2023-01-17",
      "acceptedDate": "2023-01-17 16:34:00",
      "fiscalYear": "2022",
      "period": "Q4",
      "revenue": 4525000000,
      "costOfRevenue": 568000000,
      "grossProfit": 3957000000,
      "researchAndDevelopmentExpenses": 773000000,
      "generalAndAdministrativeExpenses": 340000000,
      "sellingAndMarketingExpenses": 1297000000,
      "sellingGeneralAndAdministrativeExpenses": 1637000000,
      "otherExpenses": 42000000,
      "operatingExpenses": 2452000000,
      "costAndExpenses": 3020000000,
      "netInterestIncome": -28000000,
      "interestIncome": 0,
      "interestExpense": 28000000,
      "depreciationAndAmortization": 215000000,
      "ebitda": 1720000000,
      "ebit": 1505000000,
      "nonOperatingIncomeExcludingInterest": 0,
      "operatingIncome": 1505000000,
      "totalOtherIncomeExpensesNet": 12000000,
      "incomeBeforeTax": 1517000000,
      "incomeTaxExpense": 341000000,
      "netIncomeFromContinuingOperations": 1176000000,
      "netIncomeFromDiscontinuedOperations": 0,
      "otherAdjustmentsToNetIncome": 0,
      "netIncome": 1176000000,
      "netIncomeDeductions": 0,
      "bottomLineNetIncome": 1176000000,
      "eps": 2.53,
      "epsDiluted": 2.52,
      "weightedAverageShsOut": 465307000,
      "weightedAverageShsOutDil": 466000000
    },
    {
      "quarter_label": "2022-Q3",
      "date": "2022-09-02",
      "symbol": "ADBE",
      "reportedCurrency": "USD",
      "cik": "0000796343",
      "filingDate": "2022-09-28",
      "acceptedDate": "2022-09-28 16:03:14",
      "fiscalYear": "2022",
      "period": "Q3",
      "revenue": 4433000000,
      "costOfRevenue": 546000000,
      "grossProfit": 3887000000,
      "researchAndDevelopmentExpenses": 775000000,
      "generalAndAdministrativeExpenses": 319000000,
      "sellingAndMarketingExpenses": 1266000000,
      "sellingGeneralAndAdministrativeExpenses": 1585000000,
      "otherExpenses": 43000000,
      "operatingExpenses": 2403000000,
      "costAndExpenses": 2949000000,
      "netInterestIncome": -28000000,
      "interestIncome": 0,
      "interestExpense": 28000000,
      "depreciationAndAmortization": 216000000,
      "ebitda": 1700000000,
      "ebit": 1484000000,
      "nonOperatingIncomeExcludingInterest": 0,
      "operatingIncome": 1484000000,
      "totalOtherIncomeExpensesNet": -28000000,
      "incomeBeforeTax": 1456000000,
      "incomeTaxExpense": 320000000,
      "netIncomeFromContinuingOperations": 1136000000,
      "netIncomeFromDiscontinuedOperations": 0,
      "otherAdjustmentsToNetIncome": 0,
      "netIncome": 1136000000,
      "netIncomeDeductions": 0,
      "bottomLineNetIncome": 1136000000,
      "eps": 2.42,
      "epsDiluted": 2.42,
      "weightedAverageShsOut": 469000000,
      "weightedAverageShsOutDil": 469000000
    },
    {
      "quarter_label": "2022-Q2",
      "date": "2022-06-03",
      "symbol": "ADBE",
      "reportedCurrency": "USD",
      "cik": "0000796343",
      "filingDate": "2022-06-29",
      "acceptedDate": "2022-06-29 16:12:27",
      "fiscalYear": "2022",
      "period": "Q2",
      "revenue": 4386000000,
      "costOfRevenue": 539000000,
      "grossProfit": 3847000000,
      "researchAndDevelopmentExpenses": 738000000,
      "generalAndAdministrativeExpenses": 291000000,
      "sellingAndMarketingExpenses": 1247000000,
      "sellingGeneralAndAdministrativeExpenses": 1538000000,
      "otherExpenses": 42000000,
      "operatingExpenses": 2318000000,
      "costAndExpenses": 2857000000,
      "netInterestIncome": -28000000,
      "interestIncome": 0,
      "interestExpense": 28000000,
      "depreciationAndAmortization": 232000000,
      "ebitda": 1752000000,
      "ebit": 1520000000,
      "nonOperatingIncomeExcludingInterest": 9000000,
      "operatingIncome": 1529000000,
      "totalOtherIncomeExpensesNet": -37000000,
      "incomeBeforeTax": 1492000000,
      "incomeTaxExpense": 314000000,
      "netIncomeFromContinuingOperations": 1178000000,
      "netIncomeFromDiscontinuedOperations": 0,
      "otherAdjustmentsToNetIncome": 0,
      "netIncome": 1178000000,
      "netIncomeDeductions": 0,
      "bottomLineNetIncome": 1178000000,
      "eps": 2.5,
      "epsDiluted": 2.49,
      "weightedAverageShsOut": 472000000,
      "weightedAverageShsOutDil": 473000000
    },
    {
      "quarter_label": "2022-Q1",
      "date": "2022-03-04",
      "symbol": "ADBE",
      "reportedCurrency": "USD",
      "cik": "0000796343",
      "filingDate": "2022-03-30",
      "acceptedDate": "2022-03-30 16:22:21",
      "fiscalYear": "2022",
      "period": "Q1",
      "revenue": 4262000000,
      "costOfRevenue": 512000000,
      "grossProfit": 3750000000,
      "researchAndDevelopmentExpenses": 701000000,
      "generalAndAdministrativeExpenses": 269000000,
      "sellingAndMarketingExpenses": 1158000000,
      "sellingGeneralAndAdministrativeExpenses": 1427000000,
      "otherExpenses": 42000000,
      "operatingExpenses": 2170000000,
      "costAndExpenses": 2682000000,
      "netInterestIncome": -28000000,
      "interestIncome": 0,
      "interestExpense": 28000000,
      "depreciationAndAmortization": 235000000,
      "ebitda": 1806000000,
      "ebit": 1571000000,
      "nonOperatingIncomeExcludingInterest": 9000000,
      "operatingIncome": 1580000000,
      "totalOtherIncomeExpensesNet": -37000000,
      "incomeBeforeTax": 1543000000,
      "incomeTaxExpense": 277000000,
      "netIncomeFromContinuingOperations": 1266000000,
      "netIncomeFromDiscontinuedOperations": 0,
      "otherAdjustmentsToNetIncome": 0,
      "netIncome": 1266000000,
      "netIncomeDeductions": 0,
      "bottomLineNetIncome": 1266000000,
      "eps": 2.67,
      "epsDiluted": 2.67,
      "weightedAverageShsOut": 473000000,
      "weightedAverageShsOutDil": 475000000
    },
    {
      "quarter_label": "2021-Q4",
      "date": "2021-12-03",
      "symbol": "ADBE",
      "reportedCurrency": "USD",
      "cik": "0000796343",
      "filingDate": "2022-01-21",
      "acceptedDate": "2022-01-21 16:03:34",
      "fiscalYear": "2021",
      "period": "Q4",
      "revenue": 4110000000,
      "costOfRevenue": 507000000,
      "grossProfit": 3603000000,
      "researchAndDevelopmentExpenses": 657000000,
      "generalAndAdministrativeExpenses": 274000000,
      "sellingAndMarketingExpenses": 1131000000,
      "sellingGeneralAndAdministrativeExpenses": 1405000000,
      "otherExpenses": 40000000,
      "operatingExpenses": 2102000000,
      "costAndExpenses": 2609000000,
      "netInterestIncome": -11000000,
      "interestIncome": 17000000,
      "interestExpense": 28000000,
      "depreciationAndAmortization": 225000000,
      "ebitda": 1721000000,
      "ebit": 1496000000,
      "nonOperatingIncomeExcludingInterest": 5000000,
      "operatingIncome": 1501000000,
      "totalOtherIncomeExpensesNet": -33000000,
      "incomeBeforeTax": 1468000000,
      "incomeTaxExpense": 235000000,
      "netIncomeFromContinuingOperations": 1233000000,
      "netIncomeFromDiscontinuedOperations": 0,
      "otherAdjustmentsToNetIncome": 0,
      "netIncome": 1233000000,
      "netIncomeDeductions": 0,
      "bottomLineNetIncome": 1233000000,
      "eps": 2.59,
      "epsDiluted": 2.57,
      "weightedAverageShsOut": 476000000,
      "weightedAverageShsOutDil": 480000000
    },
    {
      "quarter_label": "2021-Q3",
      "date": "2021-09-03",
      "symbol": "ADBE",
      "reportedCurrency": "USD",
      "cik": "0000796343",
      "filingDate": "2021-09-29",
      "acceptedDate": "2021-09-29 16:02:05",
      "fiscalYear": "2021",
      "period": "Q3",
      "revenue": 3935000000,
      "costOfRevenue": 467000000,
      "grossProfit": 3468000000,
      "researchAndDevelopmentExpenses": 651000000,
      "generalAndAdministrativeExpenses": 265000000,
      "sellingAndMarketingExpenses": 1068000000,
      "sellingGeneralAndAdministrativeExpenses": 1333000000,
      "otherExpenses": 43000000,
      "operatingExpenses": 2027000000,
      "costAndExpenses": 2494000000,
      "netInterestIncome": -27000000,
      "interestIncome": 0,
      "interestExpense": 27000000,
      "depreciationAndAmortization": 213000000,
      "ebitda": 1658000000,
      "ebit": 1445000000,
      "nonOperatingIncomeExcludingInterest": -4000000,
      "operatingIncome": 1441000000,
      "totalOtherIncomeExpensesNet": -23000000,
      "incomeBeforeTax": 1418000000,
      "incomeTaxExpense": 206000000,
      "netIncomeFromContinuingOperations": 1212000000,
      "netIncomeFromDiscontinuedOperations": 0,
      "otherAdjustmentsToNetIncome": 0,
      "netIncome": 1212000000,
      "netIncomeDeductions": 0,
      "bottomLineNetIncome": 1212000000,
      "eps": 2.54,
      "epsDiluted": 2.52,
      "weightedAverageShsOut": 477000000,
      "weightedAverageShsOutDil": 481000000
    },
    {
      "quarter_label": "2021-Q2",
      "date": "2021-06-04",
      "symbol": "ADBE",
      "reportedCurrency": "USD",
      "cik": "0000796343",
      "filingDate": "2021-06-30",
      "acceptedDate": "2021-06-30 16:02:16",
      "fiscalYear": "2021",
      "period": "Q2",
      "revenue": 3835000000,
      "costOfRevenue": 444000000,
      "grossProfit": 3391000000,
      "researchAndDevelopmentExpenses": 620000000,
      "generalAndAdministrativeExpenses": 256000000,
      "sellingAndMarketingExpenses": 1073000000,
      "sellingGeneralAndAdministrativeExpenses": 1329000000,
      "otherExpenses": 44000000,
      "operatingExpenses": 1985000000,
      "costAndExpenses": 2429000000,
      "netInterestIncome": -28000000,
      "interestIncome": 0,
      "interestExpense": 28000000,
      "depreciationAndAmortization": 208000000,
      "ebitda": 1622000000,
      "ebit": 1414000000,
      "nonOperatingIncomeExcludingInterest": -8000000,
      "operatingIncome": 1406000000,
      "totalOtherIncomeExpensesNet": -20000000,
      "incomeBeforeTax": 1386000000,
      "incomeTaxExpense": 270000000,
      "netIncomeFromContinuingOperations": 1116000000,
      "netIncomeFromDiscontinuedOperations": 0,
      "otherAdjustmentsToNetIncome": 0,
      "netIncome": 1116000000,
      "netIncomeDeductions": 0,
      "bottomLineNetIncome": 1116000000,
      "eps": 2.34,
      "epsDiluted": 2.32,
      "weightedAverageShsOut": 478000000,
      "weightedAverageShsOutDil": 481000000
    },
    {
      "quarter_label": "2021-Q1",
      "date": "2021-03-05",
      "symbol": "ADBE",
      "reportedCurrency": "USD",
      "cik": "0000796343",
      "filingDate": "2021-03-31",
      "acceptedDate": "2021-03-31 16:02:34",
      "fiscalYear": "2021",
      "period": "Q1",
      "revenue": 3905000000,
      "costOfRevenue": 447000000,
      "grossProfit": 3458000000,
      "researchAndDevelopmentExpenses": 620000000,
      "generalAndAdministrativeExpenses": 290000000,
      "sellingAndMarketingExpenses": 1049000000,
      "sellingGeneralAndAdministrativeExpenses": 1339000000,
      "otherExpenses": 45000000,
      "operatingExpenses": 2004000000,
      "costAndExpenses": 2451000000,
      "netInterestIncome": -30000000,
      "interestIncome": 0,
      "interestExpense": 30000000,
      "depreciationAndAmortization": 196000000,
      "ebitda": 1659000000,
      "ebit": 1463000000,
      "nonOperatingIncomeExcludingInterest": -9000000,
      "operatingIncome": 1454000000,
      "totalOtherIncomeExpensesNet": -21000000,
      "incomeBeforeTax": 1433000000,
      "incomeTaxExpense": 172000000,
      "netIncomeFromContinuingOperations": 1261000000,
      "netIncomeFromDiscontinuedOperations": 0,
      "otherAdjustmentsToNetIncome": 0,
      "netIncome": 1261000000,
      "netIncomeDeductions": 0,
      "bottomLineNetIncome": 1261000000,
      "eps": 2.63,
      "epsDiluted": 2.61,
      "weightedAverageShsOut": 479000000,
      "weightedAverageShsOutDil": 483000000
    },
    {
      "quarter_label": "2020-Q4",
      "date": "2020-11-27",
      "symbol": "ADBE",
      "reportedCurrency": "USD",
      "cik": "0000796343",
      "filingDate": "2021-01-15",
      "acceptedDate": "2021-01-15 16:03:42",
      "fiscalYear": "2020",
      "period": "Q4",
      "revenue": 3424000000,
      "costOfRevenue": 428000000,
      "grossProfit": 2996000000,
      "researchAndDevelopmentExpenses": 558000000,
      "generalAndAdministrativeExpenses": 243000000,
      "sellingAndMarketingExpenses": 941000000,
      "sellingGeneralAndAdministrativeExpenses": 1184000000,
      "otherExpenses": 39000000,
      "operatingExpenses": 1781000000,
      "costAndExpenses": 2209000000,
      "netInterestIncome": -21000000,
      "interestIncome": 6000000,
      "interestExpense": 27000000,
      "depreciationAndAmortization": 190000000,
      "ebitda": 1414000000,
      "ebit": 1224000000,
      "nonOperatingIncomeExcludingInterest": -9000000,
      "operatingIncome": 1215000000,
      "totalOtherIncomeExpensesNet": -18000000,
      "incomeBeforeTax": 1197000000,
      "incomeTaxExpense": -1053000000,
      "netIncomeFromContinuingOperations": 2250000000,
      "netIncomeFromDiscontinuedOperations": 0,
      "otherAdjustmentsToNetIncome": 0,
      "netIncome": 2250000000,
      "netIncomeDeductions": 0,
      "bottomLineNetIncome": 2250000000,
      "eps": 4.69,
      "epsDiluted": 4.64,
      "weightedAverageShsOut": 479000000,
      "weightedAverageShsOutDil": 484000000
    },
    {
      "quarter_label": "2020-Q3",
      "date": "2020-08-28",
      "symbol": "ADBE",
      "reportedCurrency": "USD",
      "cik": "0000796343",
      "filingDate": "2020-09-23",
      "acceptedDate": "2020-09-23 16:03:46",
      "fiscalYear": "2020",
      "period": "Q3",
      "revenue": 3225000000,
      "costOfRevenue": 427000000,
      "grossProfit": 2798000000,
      "researchAndDevelopmentExpenses": 566000000,
      "generalAndAdministrativeExpenses": 230000000,
      "sellingAndMarketingExpenses": 892000000,
      "sellingGeneralAndAdministrativeExpenses": 1122000000,
      "otherExpenses": 41000000,
      "operatingExpenses": 1729000000,
      "costAndExpenses": 2156000000,
      "netInterestIncome": -28000000,
      "interestIncome": 0,
      "interestExpense": 28000000,
      "depreciationAndAmortization": 191000000,
      "ebitda": 1279000000,
      "ebit": 1088000000,
      "nonOperatingIncomeExcludingInterest": -19000000,
      "operatingIncome": 1069000000,
      "totalOtherIncomeExpensesNet": -9000000,
      "incomeBeforeTax": 1060000000,
      "incomeTaxExpense": 105000000,
      "netIncomeFromContinuingOperations": 955000000,
      "netIncomeFromDiscontinuedOperations": 0,
      "otherAdjustmentsToNetIncome": 0,
      "netIncome": 955000000,
      "netIncomeDeductions": 0,
      "bottomLineNetIncome": 955000000,
      "eps": 1.99,
      "epsDiluted": 1.97,
      "weightedAverageShsOut": 480000000,
      "weightedAverageShsOutDil": 485000000
    }
  ],
  "data_summary": {
    "earliest_quarter": "2020-Q3",
    "latest_quarter": "2025-Q2",
    "years_covered": 6
  }
}