{
  "ticker": "AMD",
  "initialization_date": "2025-08-23T19:05:14.930472",
  "total_quarters": 20,
  "api_calls_made": 4,
  "quarterly_data": [
    {
      "quarter_label": "2025-Q2",
      "date": "2025-06-28",
      "symbol": "AMD",
      "reportedCurrency": "USD",
      "cik": "0000002488",
      "filingDate": "2025-08-06",
      "acceptedDate": "2025-08-05 18:08:21",
      "fiscalYear": "2025",
      "period": "Q2",
      "revenue": 7685000000,
      "costOfRevenue": 4626000000,
      "grossProfit": 3059000000,
      "researchAndDevelopmentExpenses": 1894000000,
      "generalAndAdministrativeExpenses": 0,
      "sellingAndMarketingExpenses": 0,
      "sellingGeneralAndAdministrativeExpenses": 991000000,
      "otherExpenses": 308000000,
      "operatingExpenses": 3193000000,
      "costAndExpenses": 7819000000,
      "netInterestIncome": -38000000,
      "interestIncome": 0,
      "interestExpense": 38000000,
      "depreciationAndAmortization": 757000000,
      "ebitda": 729000000,
      "ebit": -28000000,
      "nonOperatingIncomeExcludingInterest": -106000000,
      "operatingIncome": -134000000,
      "totalOtherIncomeExpensesNet": 68000000,
      "incomeBeforeTax": -66000000,
      "incomeTaxExpense": -834000000,
      "netIncomeFromContinuingOperations": 768000000,
      "netIncomeFromDiscontinuedOperations": 104000000,
      "otherAdjustmentsToNetIncome": 0,
      "netIncome": 872000000,
      "netIncomeDeductions": 0,
      "bottomLineNetIncome": 872000000,
      "eps": 0.54,
      "epsDiluted": 0.54,
      "weightedAverageShsOut": 1623000000,
      "weightedAverageShsOutDil": 1630000000
    },
    {
      "quarter_label": "2025-Q1",
      "date": "2025-03-29",
      "symbol": "AMD",
      "reportedCurrency": "USD",
      "cik": "0000002488",
      "filingDate": "2025-05-07",
      "acceptedDate": "2025-05-06 18:04:48",
      "fiscalYear": "2025",
      "period": "Q1",
      "revenue": 7438000000,
      "costOfRevenue": 4018000000,
      "grossProfit": 3420000000,
      "researchAndDevelopmentExpenses": 1728000000,
      "generalAndAdministrativeExpenses": 0,
      "sellingAndMarketingExpenses": 0,
      "sellingGeneralAndAdministrativeExpenses": 886000000,
      "otherExpenses": 0,
      "operatingExpenses": 2614000000,
      "costAndExpenses": 6632000000,
      "netInterestIncome": -20000000,
      "interestIncome": 0,
      "interestExpense": 20000000,
      "depreciationAndAmortization": 742000000,
      "ebitda": 1587000000,
      "ebit": 845000000,
      "nonOperatingIncomeExcludingInterest": -39000000,
      "operatingIncome": 806000000,
      "totalOtherIncomeExpensesNet": 26000000,
      "incomeBeforeTax": 832000000,
      "incomeTaxExpense": 123000000,
      "netIncomeFromContinuingOperations": 709000000,
      "netIncomeFromDiscontinuedOperations": 0,
      "otherAdjustmentsToNetIncome": 0,
      "netIncome": 709000000,
      "netIncomeDeductions": 0,
      "bottomLineNetIncome": 709000000,
      "eps": 0.44,
      "epsDiluted": 0.44,
      "weightedAverageShsOut": 1620000000,
      "weightedAverageShsOutDil": 1626000000
    },
    {
      "quarter_label": "2024-Q4",
      "date": "2024-12-28",
      "symbol": "AMD",
      "reportedCurrency": "USD",
      "cik": "0000002488",
      "filingDate": "2025-02-05",
      "acceptedDate": "2025-02-05 16:42:57",
      "fiscalYear": "2024",
      "period": "Q4",
      "revenue": 7658000000,
      "costOfRevenue": 4108000000,
      "grossProfit": 3550000000,
      "researchAndDevelopmentExpenses": 1712000000,
      "generalAndAdministrativeExpenses": 0,
      "sellingAndMarketingExpenses": 0,
      "sellingGeneralAndAdministrativeExpenses": 746000000,
      "otherExpenses": 0,
      "operatingExpenses": 2458000000,
      "costAndExpenses": 6566000000,
      "netInterestIncome": -19000000,
      "interestIncome": 0,
      "interestExpense": 19000000,
      "depreciationAndAmortization": 786000000,
      "ebitda": 1694000000,
      "ebit": 908000000,
      "nonOperatingIncomeExcludingInterest": 184000000,
      "operatingIncome": 1092000000,
      "totalOtherIncomeExpensesNet": -191000000,
      "incomeBeforeTax": 901000000,
      "incomeTaxExpense": 419000000,
      "netIncomeFromContinuingOperations": 482000000,
      "netIncomeFromDiscontinuedOperations": 0,
      "otherAdjustmentsToNetIncome": 0,
      "netIncome": 482000000,
      "netIncomeDeductions": 0,
      "bottomLineNetIncome": 482000000,
      "eps": 0.3,
      "epsDiluted": 0.29,
      "weightedAverageShsOut": 1623000000,
      "weightedAverageShsOutDil": 1634000000
    },
    {
      "quarter_label": "2024-Q3",
      "date": "2024-09-28",
      "symbol": "AMD",
      "reportedCurrency": "USD",
      "cik": "0000002488",
      "filingDate": "2024-10-30",
      "acceptedDate": "2024-10-30 16:26:03",
      "fiscalYear": "2024",
      "period": "Q3",
      "revenue": 6819000000,
      "costOfRevenue": 3752000000,
      "grossProfit": 3067000000,
      "researchAndDevelopmentExpenses": 1636000000,
      "generalAndAdministrativeExpenses": 0,
      "sellingAndMarketingExpenses": 0,
      "sellingGeneralAndAdministrativeExpenses": 721000000,
      "otherExpenses": 0,
      "operatingExpenses": 2357000000,
      "costAndExpenses": 6109000000,
      "netInterestIncome": -23000000,
      "interestIncome": 0,
      "interestExpense": 23000000,
      "depreciationAndAmortization": 786000000,
      "ebitda": 1546000000,
      "ebit": 760000000,
      "nonOperatingIncomeExcludingInterest": -50000000,
      "operatingIncome": 710000000,
      "totalOtherIncomeExpensesNet": 34000000,
      "incomeBeforeTax": 744000000,
      "incomeTaxExpense": -27000000,
      "netIncomeFromContinuingOperations": 771000000,
      "netIncomeFromDiscontinuedOperations": 0,
      "otherAdjustmentsToNetIncome": 0,
      "netIncome": 771000000,
      "netIncomeDeductions": 0,
      "bottomLineNetIncome": 771000000,
      "eps": 0.48,
      "epsDiluted": 0.47,
      "weightedAverageShsOut": 1620000000,
      "weightedAverageShsOutDil": 1636000000
    },
    {
      "quarter_label": "2024-Q2",
      "date": "2024-06-29",
      "symbol": "AMD",
      "reportedCurrency": "USD",
      "cik": "0000002488",
      "filingDate": "2024-07-31",
      "acceptedDate": "2024-07-31 16:20:22",
      "fiscalYear": "2024",
      "period": "Q2",
      "revenue": 5835000000,
      "costOfRevenue": 3343000000,
      "grossProfit": 2492000000,
      "researchAndDevelopmentExpenses": 1583000000,
      "generalAndAdministrativeExpenses": 0,
      "sellingAndMarketingExpenses": 0,
      "sellingGeneralAndAdministrativeExpenses": 650000000,
      "otherExpenses": 0,
      "operatingExpenses": 2233000000,
      "costAndExpenses": 5576000000,
      "netInterestIncome": -25000000,
      "interestIncome": 0,
      "interestExpense": 25000000,
      "depreciationAndAmortization": 821000000,
      "ebitda": 1145000000,
      "ebit": 324000000,
      "nonOperatingIncomeExcludingInterest": -65000000,
      "operatingIncome": 259000000,
      "totalOtherIncomeExpensesNet": 47000000,
      "incomeBeforeTax": 306000000,
      "incomeTaxExpense": 41000000,
      "netIncomeFromContinuingOperations": 265000000,
      "netIncomeFromDiscontinuedOperations": 0,
      "otherAdjustmentsToNetIncome": 0,
      "netIncome": 265000000,
      "netIncomeDeductions": 0,
      "bottomLineNetIncome": 265000000,
      "eps": 0.16,
      "epsDiluted": 0.16,
      "weightedAverageShsOut": 1618000000,
      "weightedAverageShsOutDil": 1637000000
    },
    {
      "quarter_label": "2024-Q1",
      "date": "2024-03-30",
      "symbol": "AMD",
      "reportedCurrency": "USD",
      "cik": "0000002488",
      "filingDate": "2024-05-01",
      "acceptedDate": "2024-05-01 16:10:44",
      "fiscalYear": "2024",
      "period": "Q1",
      "revenue": 5473000000,
      "costOfRevenue": 3305000000,
      "grossProfit": 2168000000,
      "researchAndDevelopmentExpenses": 1525000000,
      "generalAndAdministrativeExpenses": 0,
      "sellingAndMarketingExpenses": 0,
      "sellingGeneralAndAdministrativeExpenses": 581000000,
      "otherExpenses": 0,
      "operatingExpenses": 2106000000,
      "costAndExpenses": 5411000000,
      "netInterestIncome": -25000000,
      "interestIncome": 0,
      "interestExpense": 25000000,
      "depreciationAndAmortization": 784000000,
      "ebitda": 873000000,
      "ebit": 89000000,
      "nonOperatingIncomeExcludingInterest": -27000000,
      "operatingIncome": 62000000,
      "totalOtherIncomeExpensesNet": 9000000,
      "incomeBeforeTax": 71000000,
      "incomeTaxExpense": -52000000,
      "netIncomeFromContinuingOperations": 123000000,
      "netIncomeFromDiscontinuedOperations": 0,
      "otherAdjustmentsToNetIncome": 0,
      "netIncome": 123000000,
      "netIncomeDeductions": 0,
      "bottomLineNetIncome": 123000000,
      "eps": 0.0761,
      "epsDiluted": 0.075,
      "weightedAverageShsOut": 1617000000,
      "weightedAverageShsOutDil": 1639000000
    },
    {
      "quarter_label": "2023-Q4",
      "date": "2023-12-30",
      "symbol": "AMD",
      "reportedCurrency": "USD",
      "cik": "0000002488",
      "filingDate": "2024-01-31",
      "acceptedDate": "2024-01-31 17:16:39",
      "fiscalYear": "2023",
      "period": "Q4",
      "revenue": 6168000000,
      "costOfRevenue": 3676000000,
      "grossProfit": 2492000000,
      "researchAndDevelopmentExpenses": 1511000000,
      "generalAndAdministrativeExpenses": 0,
      "sellingAndMarketingExpenses": 0,
      "sellingGeneralAndAdministrativeExpenses": 584000000,
      "otherExpenses": 0,
      "operatingExpenses": 2095000000,
      "costAndExpenses": 5771000000,
      "netInterestIncome": -27000000,
      "interestIncome": 0,
      "interestExpense": 27000000,
      "depreciationAndAmortization": 824000000,
      "ebitda": 1215000000,
      "ebit": 391000000,
      "nonOperatingIncomeExcludingInterest": 6000000,
      "operatingIncome": 397000000,
      "totalOtherIncomeExpensesNet": -27000000,
      "incomeBeforeTax": 370000000,
      "incomeTaxExpense": -297000000,
      "netIncomeFromContinuingOperations": 667000000,
      "netIncomeFromDiscontinuedOperations": 0,
      "otherAdjustmentsToNetIncome": 0,
      "netIncome": 667000000,
      "netIncomeDeductions": 0,
      "bottomLineNetIncome": 667000000,
      "eps": 0.41,
      "epsDiluted": 0.41,
      "weightedAverageShsOut": 1616000000,
      "weightedAverageShsOutDil": 1628000000
    },
    {
      "quarter_label": "2023-Q3",
      "date": "2023-09-30",
      "symbol": "AMD",
      "reportedCurrency": "USD",
      "cik": "0000002488",
      "filingDate": "2023-11-01",
      "acceptedDate": "2023-11-01 16:20:28",
      "fiscalYear": "2023",
      "period": "Q3",
      "revenue": 5800000000,
      "costOfRevenue": 3503000000,
      "grossProfit": 2297000000,
      "researchAndDevelopmentExpenses": 1507000000,
      "generalAndAdministrativeExpenses": 0,
      "sellingAndMarketingExpenses": 0,
      "sellingGeneralAndAdministrativeExpenses": 537000000,
      "otherExpenses": 0,
      "operatingExpenses": 2044000000,
      "costAndExpenses": 5547000000,
      "netInterestIncome": -26000000,
      "interestIncome": 0,
      "interestExpense": 26000000,
      "depreciationAndAmortization": 848000000,
      "ebitda": 1131000000,
      "ebit": 283000000,
      "nonOperatingIncomeExcludingInterest": -30000000,
      "operatingIncome": 253000000,
      "totalOtherIncomeExpensesNet": 7000000,
      "incomeBeforeTax": 260000000,
      "incomeTaxExpense": -39000000,
      "netIncomeFromContinuingOperations": 299000000,
      "netIncomeFromDiscontinuedOperations": 0,
      "otherAdjustmentsToNetIncome": 0,
      "netIncome": 299000000,
      "netIncomeDeductions": 0,
      "bottomLineNetIncome": 299000000,
      "eps": 0.18,
      "epsDiluted": 0.18,
      "weightedAverageShsOut": 1616000000,
      "weightedAverageShsOutDil": 1629000000
    },
    {
      "quarter_label": "2023-Q2",
      "date": "2023-07-01",
      "symbol": "AMD",
      "reportedCurrency": "USD",
      "cik": "0000002488",
      "filingDate": "2023-08-02",
      "acceptedDate": "2023-08-02 17:12:01",
      "fiscalYear": "2023",
      "period": "Q2",
      "revenue": 5359000000,
      "costOfRevenue": 3397000000,
      "grossProfit": 1962000000,
      "researchAndDevelopmentExpenses": 1443000000,
      "generalAndAdministrativeExpenses": 0,
      "sellingAndMarketingExpenses": 0,
      "sellingGeneralAndAdministrativeExpenses": 513000000,
      "otherExpenses": 0,
      "operatingExpenses": 1956000000,
      "costAndExpenses": 5353000000,
      "netInterestIncome": -28000000,
      "interestIncome": 0,
      "interestExpense": 28000000,
      "depreciationAndAmortization": 873000000,
      "ebitda": 899000000,
      "ebit": 26000000,
      "nonOperatingIncomeExcludingInterest": -20000000,
      "operatingIncome": 6000000,
      "totalOtherIncomeExpensesNet": -2000000,
      "incomeBeforeTax": 4000000,
      "incomeTaxExpense": -23000000,
      "netIncomeFromContinuingOperations": 27000000,
      "netIncomeFromDiscontinuedOperations": 0,
      "otherAdjustmentsToNetIncome": 0,
      "netIncome": 27000000,
      "netIncomeDeductions": 0,
      "bottomLineNetIncome": 27000000,
      "eps": 0.0167,
      "epsDiluted": 0.0166,
      "weightedAverageShsOut": 1612000000,
      "weightedAverageShsOutDil": 1627000000
    },
    {
      "quarter_label": "2023-Q1",
      "date": "2023-04-01",
      "symbol": "AMD",
      "reportedCurrency": "USD",
      "cik": "0000002488",
      "filingDate": "2023-05-03",
      "acceptedDate": "2023-05-03 16:28:42",
      "fiscalYear": "2023",
      "period": "Q1",
      "revenue": 5353000000,
      "costOfRevenue": 3512000000,
      "grossProfit": 1841000000,
      "researchAndDevelopmentExpenses": 1411000000,
      "generalAndAdministrativeExpenses": 0,
      "sellingAndMarketingExpenses": 0,
      "sellingGeneralAndAdministrativeExpenses": 474000000,
      "otherExpenses": 0,
      "operatingExpenses": 1885000000,
      "costAndExpenses": 5397000000,
      "netInterestIncome": -25000000,
      "interestIncome": 0,
      "interestExpense": 25000000,
      "depreciationAndAmortization": 1006000000,
      "ebitda": 904000000,
      "ebit": -102000000,
      "nonOperatingIncomeExcludingInterest": 58000000,
      "operatingIncome": -44000000,
      "totalOtherIncomeExpensesNet": -82000000,
      "incomeBeforeTax": -126000000,
      "incomeTaxExpense": 13000000,
      "netIncomeFromContinuingOperations": -139000000,
      "netIncomeFromDiscontinuedOperations": 0,
      "otherAdjustmentsToNetIncome": 0,
      "netIncome": -139000000,
      "netIncomeDeductions": 0,
      "bottomLineNetIncome": -139000000,
      "eps": -0.0863,
      "epsDiluted": -0.0863,
      "weightedAverageShsOut": 1611000000,
      "weightedAverageShsOutDil": 1611000000
    },
    {
      "quarter_label": "2022-Q4",
      "date": "2022-12-31",
      "symbol": "AMD",
      "reportedCurrency": "USD",
      "cik": "0000002488",
      "filingDate": "2023-02-27",
      "acceptedDate": "2023-02-27 16:20:39",
      "fiscalYear": "2022",
      "period": "Q4",
      "revenue": 5599000000,
      "costOfRevenue": 3797000000,
      "grossProfit": 1802000000,
      "researchAndDevelopmentExpenses": 1366000000,
      "generalAndAdministrativeExpenses": 0,
      "sellingAndMarketingExpenses": 0,
      "sellingGeneralAndAdministrativeExpenses": 538000000,
      "otherExpenses": 0,
      "operatingExpenses": 1904000000,
      "costAndExpenses": 5701000000,
      "netInterestIncome": -19000000,
      "interestIncome": 0,
      "interestExpense": 19000000,
      "depreciationAndAmortization": 1245000000,
      "ebitda": 1128000000,
      "ebit": -117000000,
      "nonOperatingIncomeExcludingInterest": 15000000,
      "operatingIncome": -102000000,
      "totalOtherIncomeExpensesNet": -31000000,
      "incomeBeforeTax": -133000000,
      "incomeTaxExpense": -154000000,
      "netIncomeFromContinuingOperations": 21000000,
      "netIncomeFromDiscontinuedOperations": 0,
      "otherAdjustmentsToNetIncome": 0,
      "netIncome": 21000000,
      "netIncomeDeductions": 0,
      "bottomLineNetIncome": 21000000,
      "eps": 0.013,
      "epsDiluted": 0.013,
      "weightedAverageShsOut": 1613000000,
      "weightedAverageShsOutDil": 1618000000
    },
    {
      "quarter_label": "2022-Q3",
      "date": "2022-09-24",
      "symbol": "AMD",
      "reportedCurrency": "USD",
      "cik": "0000002488",
      "filingDate": "2022-11-02",
      "acceptedDate": "2022-11-02 16:35:10",
      "fiscalYear": "2022",
      "period": "Q3",
      "revenue": 5565000000,
      "costOfRevenue": 3801000000,
      "grossProfit": 1764000000,
      "researchAndDevelopmentExpenses": 1279000000,
      "generalAndAdministrativeExpenses": 0,
      "sellingAndMarketingExpenses": 0,
      "sellingGeneralAndAdministrativeExpenses": 506000000,
      "otherExpenses": 0,
      "operatingExpenses": 1785000000,
      "costAndExpenses": 5586000000,
      "netInterestIncome": -31000000,
      "interestIncome": 0,
      "interestExpense": 31000000,
      "depreciationAndAmortization": 1188000000,
      "ebitda": 1146000000,
      "ebit": -42000000,
      "nonOperatingIncomeExcludingInterest": 21000000,
      "operatingIncome": -21000000,
      "totalOtherIncomeExpensesNet": -48000000,
      "incomeBeforeTax": -69000000,
      "incomeTaxExpense": -135000000,
      "netIncomeFromContinuingOperations": 66000000,
      "netIncomeFromDiscontinuedOperations": 0,
      "otherAdjustmentsToNetIncome": 0,
      "netIncome": 66000000,
      "netIncomeDeductions": 0,
      "bottomLineNetIncome": 66000000,
      "eps": 0.0409,
      "epsDiluted": 0.0406,
      "weightedAverageShsOut": 1615000000,
      "weightedAverageShsOutDil": 1625000000
    },
    {
      "quarter_label": "2022-Q2",
      "date": "2022-06-25",
      "symbol": "AMD",
      "reportedCurrency": "USD",
      "cik": "0000002488",
      "filingDate": "2022-08-03",
      "acceptedDate": "2022-08-03 17:15:57",
      "fiscalYear": "2022",
      "period": "Q2",
      "revenue": 6550000000,
      "costOfRevenue": 4138000000,
      "grossProfit": 2412000000,
      "researchAndDevelopmentExpenses": 1300000000,
      "generalAndAdministrativeExpenses": 0,
      "sellingAndMarketingExpenses": 0,
      "sellingGeneralAndAdministrativeExpenses": 451000000,
      "otherExpenses": 0,
      "operatingExpenses": 1751000000,
      "costAndExpenses": 5889000000,
      "netInterestIncome": -25000000,
      "interestIncome": 0,
      "interestExpense": 25000000,
      "depreciationAndAmortization": 1201000000,
      "ebitda": 1723000000,
      "ebit": 522000000,
      "nonOperatingIncomeExcludingInterest": 139000000,
      "operatingIncome": 661000000,
      "totalOtherIncomeExpensesNet": -160000000,
      "incomeBeforeTax": 501000000,
      "incomeTaxExpense": 54000000,
      "netIncomeFromContinuingOperations": 447000000,
      "netIncomeFromDiscontinuedOperations": 0,
      "otherAdjustmentsToNetIncome": 0,
      "netIncome": 447000000,
      "netIncomeDeductions": 0,
      "bottomLineNetIncome": 447000000,
      "eps": 0.28,
      "epsDiluted": 0.27,
      "weightedAverageShsOut": 1618000000,
      "weightedAverageShsOutDil": 1632000000
    },
    {
      "quarter_label": "2022-Q1",
      "date": "2022-03-26",
      "symbol": "AMD",
      "reportedCurrency": "USD",
      "cik": "0000002488",
      "filingDate": "2022-05-04",
      "acceptedDate": "2022-05-04 16:50:40",
      "fiscalYear": "2022",
      "period": "Q1",
      "revenue": 5887000000,
      "costOfRevenue": 3362000000,
      "grossProfit": 2525000000,
      "researchAndDevelopmentExpenses": 1060000000,
      "generalAndAdministrativeExpenses": 0,
      "sellingAndMarketingExpenses": 0,
      "sellingGeneralAndAdministrativeExpenses": 597000000,
      "otherExpenses": 0,
      "operatingExpenses": 1657000000,
      "costAndExpenses": 5019000000,
      "netInterestIncome": -13000000,
      "interestIncome": 0,
      "interestExpense": 13000000,
      "depreciationAndAmortization": 628000000,
      "ebitda": 1537000000,
      "ebit": 909000000,
      "nonOperatingIncomeExcludingInterest": -41000000,
      "operatingIncome": 868000000,
      "totalOtherIncomeExpensesNet": 31000000,
      "incomeBeforeTax": 899000000,
      "incomeTaxExpense": 113000000,
      "netIncomeFromContinuingOperations": 786000000,
      "netIncomeFromDiscontinuedOperations": 0,
      "otherAdjustmentsToNetIncome": 0,
      "netIncome": 786000000,
      "netIncomeDeductions": 0,
      "bottomLineNetIncome": 786000000,
      "eps": 0.56,
      "epsDiluted": 0.56,
      "weightedAverageShsOut": 1393000000,
      "weightedAverageShsOutDil": 1410000000
    },
    {
      "quarter_label": "2021-Q4",
      "date": "2021-12-25",
      "symbol": "AMD",
      "reportedCurrency": "USD",
      "cik": "0000002488",
      "filingDate": "2022-02-03",
      "acceptedDate": "2022-02-03 17:22:50",
      "fiscalYear": "2021",
      "period": "Q4",
      "revenue": 4826000000,
      "costOfRevenue": 2400000000,
      "grossProfit": 2426000000,
      "researchAndDevelopmentExpenses": 811000000,
      "generalAndAdministrativeExpenses": 0,
      "sellingAndMarketingExpenses": 0,
      "sellingGeneralAndAdministrativeExpenses": 403000000,
      "otherExpenses": 0,
      "operatingExpenses": 1214000000,
      "costAndExpenses": 3614000000,
      "netInterestIncome": -8000000,
      "interestIncome": 0,
      "interestExpense": 8000000,
      "depreciationAndAmortization": 134000000,
      "ebitda": 1345000000,
      "ebit": 1211000000,
      "nonOperatingIncomeExcludingInterest": 1000000,
      "operatingIncome": 1212000000,
      "totalOtherIncomeExpensesNet": -9000000,
      "incomeBeforeTax": 1203000000,
      "incomeTaxExpense": 229000000,
      "netIncomeFromContinuingOperations": 974000000,
      "netIncomeFromDiscontinuedOperations": 0,
      "otherAdjustmentsToNetIncome": 0,
      "netIncome": 974000000,
      "netIncomeDeductions": 0,
      "bottomLineNetIncome": 974000000,
      "eps": 0.81,
      "epsDiluted": 0.8,
      "weightedAverageShsOut": 1208000000,
      "weightedAverageShsOutDil": 1222000000
    },
    {
      "quarter_label": "2021-Q3",
      "date": "2021-09-25",
      "symbol": "AMD",
      "reportedCurrency": "USD",
      "cik": "0000002488",
      "filingDate": "2021-10-27",
      "acceptedDate": "2021-10-27 16:37:56",
      "fiscalYear": "2021",
      "period": "Q3",
      "revenue": 4313000000,
      "costOfRevenue": 2227000000,
      "grossProfit": 2086000000,
      "researchAndDevelopmentExpenses": 765000000,
      "generalAndAdministrativeExpenses": 0,
      "sellingAndMarketingExpenses": 0,
      "sellingGeneralAndAdministrativeExpenses": 368000000,
      "otherExpenses": 0,
      "operatingExpenses": 1133000000,
      "costAndExpenses": 3360000000,
      "netInterestIncome": -7000000,
      "interestIncome": 0,
      "interestExpense": 7000000,
      "depreciationAndAmortization": 112000000,
      "ebitda": 1122000000,
      "ebit": 1010000000,
      "nonOperatingIncomeExcludingInterest": -57000000,
      "operatingIncome": 953000000,
      "totalOtherIncomeExpensesNet": 52000000,
      "incomeBeforeTax": 1005000000,
      "incomeTaxExpense": 82000000,
      "netIncomeFromContinuingOperations": 923000000,
      "netIncomeFromDiscontinuedOperations": 0,
      "otherAdjustmentsToNetIncome": 0,
      "netIncome": 923000000,
      "netIncomeDeductions": 0,
      "bottomLineNetIncome": 923000000,
      "eps": 0.76,
      "epsDiluted": 0.75,
      "weightedAverageShsOut": 1214000000,
      "weightedAverageShsOutDil": 1230000000
    },
    {
      "quarter_label": "2021-Q2",
      "date": "2021-06-26",
      "symbol": "AMD",
      "reportedCurrency": "USD",
      "cik": "0000002488",
      "filingDate": "2021-07-28",
      "acceptedDate": "2021-07-28 16:46:31",
      "fiscalYear": "2021",
      "period": "Q2",
      "revenue": 3850000000,
      "costOfRevenue": 2020000000,
      "grossProfit": 1830000000,
      "researchAndDevelopmentExpenses": 659000000,
      "generalAndAdministrativeExpenses": 0,
      "sellingAndMarketingExpenses": 0,
      "sellingGeneralAndAdministrativeExpenses": 331000000,
      "otherExpenses": 0,
      "operatingExpenses": 990000000,
      "costAndExpenses": 3010000000,
      "netInterestIncome": -10000000,
      "interestIncome": 0,
      "interestExpense": 10000000,
      "depreciationAndAmortization": 110000000,
      "ebitda": 941000000,
      "ebit": 831000000,
      "nonOperatingIncomeExcludingInterest": 9000000,
      "operatingIncome": 840000000,
      "totalOtherIncomeExpensesNet": -17000000,
      "incomeBeforeTax": 823000000,
      "incomeTaxExpense": 113000000,
      "netIncomeFromContinuingOperations": 710000000,
      "netIncomeFromDiscontinuedOperations": 0,
      "otherAdjustmentsToNetIncome": 0,
      "netIncome": 710000000,
      "netIncomeDeductions": 0,
      "bottomLineNetIncome": 710000000,
      "eps": 0.58,
      "epsDiluted": 0.58,
      "weightedAverageShsOut": 1216000000,
      "weightedAverageShsOutDil": 1232000000
    },
    {
      "quarter_label": "2021-Q1",
      "date": "2021-03-27",
      "symbol": "AMD",
      "reportedCurrency": "USD",
      "cik": "0000002488",
      "filingDate": "2021-04-28",
      "acceptedDate": "2021-04-28 16:39:55",
      "fiscalYear": "2021",
      "period": "Q1",
      "revenue": 3445000000,
      "costOfRevenue": 1858000000,
      "grossProfit": 1587000000,
      "researchAndDevelopmentExpenses": 610000000,
      "generalAndAdministrativeExpenses": 0,
      "sellingAndMarketingExpenses": 0,
      "sellingGeneralAndAdministrativeExpenses": 304000000,
      "otherExpenses": 0,
      "operatingExpenses": 914000000,
      "costAndExpenses": 2772000000,
      "netInterestIncome": -9000000,
      "interestIncome": 0,
      "interestExpense": 9000000,
      "depreciationAndAmortization": 107000000,
      "ebitda": 758000000,
      "ebit": 651000000,
      "nonOperatingIncomeExcludingInterest": 22000000,
      "operatingIncome": 673000000,
      "totalOtherIncomeExpensesNet": -29000000,
      "incomeBeforeTax": 644000000,
      "incomeTaxExpense": 89000000,
      "netIncomeFromContinuingOperations": 555000000,
      "netIncomeFromDiscontinuedOperations": 0,
      "otherAdjustmentsToNetIncome": 0,
      "netIncome": 555000000,
      "netIncomeDeductions": 0,
      "bottomLineNetIncome": 555000000,
      "eps": 0.46,
      "epsDiluted": 0.45,
      "weightedAverageShsOut": 1213000000,
      "weightedAverageShsOutDil": 1231000000
    },
    {
      "quarter_label": "2020-Q4",
      "date": "2020-12-26",
      "symbol": "AMD",
      "reportedCurrency": "USD",
      "cik": "0000002488",
      "filingDate": "2021-01-29",
      "acceptedDate": "2021-01-29 17:24:00",
      "fiscalYear": "2020",
      "period": "Q4",
      "revenue": 3244000000,
      "costOfRevenue": 1793000000,
      "grossProfit": 1451000000,
      "researchAndDevelopmentExpenses": 573000000,
      "generalAndAdministrativeExpenses": 0,
      "sellingAndMarketingExpenses": 0,
      "sellingGeneralAndAdministrativeExpenses": 294000000,
      "otherExpenses": 0,
      "operatingExpenses": 867000000,
      "costAndExpenses": 2660000000,
      "netInterestIncome": -9000000,
      "interestIncome": 0,
      "interestExpense": 9000000,
      "depreciationAndAmortization": 101000000,
      "ebitda": 656000000,
      "ebit": 555000000,
      "nonOperatingIncomeExcludingInterest": 29000000,
      "operatingIncome": 584000000,
      "totalOtherIncomeExpensesNet": -35000000,
      "incomeBeforeTax": 549000000,
      "incomeTaxExpense": -1232000000,
      "netIncomeFromContinuingOperations": 1781000000,
      "netIncomeFromDiscontinuedOperations": 0,
      "otherAdjustmentsToNetIncome": 0,
      "netIncome": 1781000000,
      "netIncomeDeductions": -1000000,
      "bottomLineNetIncome": 1782000000,
      "eps": 1.48,
      "epsDiluted": 1.45,
      "weightedAverageShsOut": 1205000000,
      "weightedAverageShsOutDil": 1226000000
    },
    {
      "quarter_label": "2020-Q3",
      "date": "2020-09-26",
      "symbol": "AMD",
      "reportedCurrency": "USD",
      "cik": "0000002488",
      "filingDate": "2020-10-28",
      "acceptedDate": "2020-10-28 16:59:17",
      "fiscalYear": "2020",
      "period": "Q3",
      "revenue": 2801000000,
      "costOfRevenue": 1571000000,
      "grossProfit": 1230000000,
      "researchAndDevelopmentExpenses": 508000000,
      "generalAndAdministrativeExpenses": 0,
      "sellingAndMarketingExpenses": 0,
      "sellingGeneralAndAdministrativeExpenses": 273000000,
      "otherExpenses": 0,
      "operatingExpenses": 781000000,
      "costAndExpenses": 2352000000,
      "netInterestIncome": -11000000,
      "interestIncome": 0,
      "interestExpense": 11000000,
      "depreciationAndAmortization": 93000000,
      "ebitda": 505000000,
      "ebit": 412000000,
      "nonOperatingIncomeExcludingInterest": 37000000,
      "operatingIncome": 449000000,
      "totalOtherIncomeExpensesNet": -47000000,
      "incomeBeforeTax": 402000000,
      "incomeTaxExpense": 12000000,
      "netIncomeFromContinuingOperations": 390000000,
      "netIncomeFromDiscontinuedOperations": 0,
      "otherAdjustmentsToNetIncome": 0,
      "netIncome": 390000000,
      "netIncomeDeductions": -1000000,
      "bottomLineNetIncome": 391000000,
      "eps": 0.33,
      "epsDiluted": 0.32,
      "weightedAverageShsOut": 1184000000,
      "weightedAverageShsOutDil": 1215000000
    }
  ],
  "data_summary": {
    "earliest_quarter": "2020-Q3",
    "latest_quarter": "2025-Q2",
    "years_covered": 6
  }
}