{
  "ticker": "ETSY",
  "initialization_date": "2025-08-23T19:06:08.527032",
  "total_quarters": 20,
  "api_calls_made": 4,
  "quarterly_data": [
    {
      "quarter_label": "2025-Q2",
      "date": "2025-06-30",
      "symbol": "ETSY",
      "reportedCurrency": "USD",
      "cik": "0001370637",
      "filingDate": "2025-07-30",
      "acceptedDate": "2025-07-30 08:24:49",
      "fiscalYear": "2025",
      "period": "Q2",
      "revenue": 672663000,
      "costOfRevenue": 193548000,
      "grossProfit": 479115000,
      "researchAndDevelopmentExpenses": 111861000,
      "generalAndAdministrativeExpenses": 78715000,
      "sellingAndMarketingExpenses": 212110000,
      "sellingGeneralAndAdministrativeExpenses": 290825000,
      "otherExpenses": 0,
      "operatingExpenses": 402686000,
      "costAndExpenses": 596234000,
      "netInterestIncome": 5258000,
      "interestIncome": 9031000,
      "interestExpense": 3773000,
      "depreciationAndAmortization": 25398000,
      "ebitda": 80317000,
      "ebit": 54919000,
      "nonOperatingIncomeExcludingInterest": 21510000,
      "operatingIncome": 76429000,
      "totalOtherIncomeExpensesNet": -25283000,
      "incomeBeforeTax": 51146000,
      "incomeTaxExpense": 22306000,
      "netIncomeFromContinuingOperations": 28840000,
      "netIncomeFromDiscontinuedOperations": 0,
      "otherAdjustmentsToNetIncome": 0,
      "netIncome": 28840000,
      "netIncomeDeductions": -1873000,
      "bottomLineNetIncome": 30713000,
      "eps": 0.28,
      "epsDiluted": 0.25,
      "weightedAverageShsOut": 103212000,
      "weightedAverageShsOutDil": 121514000
    },
    {
      "quarter_label": "2025-Q1",
      "date": "2025-03-31",
      "symbol": "ETSY",
      "reportedCurrency": "USD",
      "cik": "0001370637",
      "filingDate": "2025-04-30",
      "acceptedDate": "2025-04-30 08:16:08",
      "fiscalYear": "2025",
      "period": "Q1",
      "revenue": 651176000,
      "costOfRevenue": 192061000,
      "grossProfit": 459115000,
      "researchAndDevelopmentExpenses": 110510000,
      "generalAndAdministrativeExpenses": 80225000,
      "sellingAndMarketingExpenses": 189004000,
      "sellingGeneralAndAdministrativeExpenses": 269229000,
      "otherExpenses": 101703000,
      "operatingExpenses": 481442000,
      "costAndExpenses": 673503000,
      "netInterestIncome": 0,
      "interestIncome": 0,
      "interestExpense": 0,
      "depreciationAndAmortization": 27290000,
      "ebitda": 106666000,
      "ebit": 79376000,
      "nonOperatingIncomeExcludingInterest": -101703000,
      "operatingIncome": -22327000,
      "totalOtherIncomeExpensesNet": -10992000,
      "incomeBeforeTax": -33319000,
      "incomeTaxExpense": 18777000,
      "netIncomeFromContinuingOperations": -52096000,
      "netIncomeFromDiscontinuedOperations": 0,
      "otherAdjustmentsToNetIncome": 0,
      "netIncome": -52096000,
      "netIncomeDeductions": 0,
      "bottomLineNetIncome": -52096000,
      "eps": -0.49,
      "epsDiluted": -0.49,
      "weightedAverageShsOut": 107084000,
      "weightedAverageShsOutDil": 107084000
    },
    {
      "quarter_label": "2024-Q4",
      "date": "2024-12-31",
      "symbol": "ETSY",
      "reportedCurrency": "USD",
      "cik": "0001370637",
      "filingDate": "2025-02-19",
      "acceptedDate": "2025-02-19 09:16:06",
      "fiscalYear": "2024",
      "period": "Q4",
      "revenue": 852162000,
      "costOfRevenue": 217691000,
      "grossProfit": 634471000,
      "researchAndDevelopmentExpenses": 111466000,
      "generalAndAdministrativeExpenses": 82708000,
      "sellingAndMarketingExpenses": 285165000,
      "sellingGeneralAndAdministrativeExpenses": 367873000,
      "otherExpenses": 0,
      "operatingExpenses": 479339000,
      "costAndExpenses": 697030000,
      "netInterestIncome": 0,
      "interestIncome": 0,
      "interestExpense": 0,
      "depreciationAndAmortization": 26402000,
      "ebitda": 225907000,
      "ebit": 199505000,
      "nonOperatingIncomeExcludingInterest": -44373000,
      "operatingIncome": 155132000,
      "totalOtherIncomeExpensesNet": 23201000,
      "incomeBeforeTax": 178333000,
      "incomeTaxExpense": 48427000,
      "netIncomeFromContinuingOperations": 129906000,
      "netIncomeFromDiscontinuedOperations": 0,
      "otherAdjustmentsToNetIncome": 0,
      "netIncome": 129906000,
      "netIncomeDeductions": -1570000,
      "bottomLineNetIncome": 131476000,
      "eps": 1.16,
      "epsDiluted": 1.01,
      "weightedAverageShsOut": 114944000,
      "weightedAverageShsOutDil": 131721000
    },
    {
      "quarter_label": "2024-Q3",
      "date": "2024-09-30",
      "symbol": "ETSY",
      "reportedCurrency": "USD",
      "cik": "0001370637",
      "filingDate": "2024-10-31",
      "acceptedDate": "2024-10-30 18:06:55",
      "fiscalYear": "2024",
      "period": "Q3",
      "revenue": 662410000,
      "costOfRevenue": 185640000,
      "grossProfit": 476770000,
      "researchAndDevelopmentExpenses": 107251000,
      "generalAndAdministrativeExpenses": 86176000,
      "sellingAndMarketingExpenses": 196526000,
      "sellingGeneralAndAdministrativeExpenses": 282702000,
      "otherExpenses": 0,
      "operatingExpenses": 389953000,
      "costAndExpenses": 575593000,
      "netInterestIncome": 0,
      "interestIncome": 0,
      "interestExpense": 0,
      "depreciationAndAmortization": 27739000,
      "ebitda": 114556000,
      "ebit": 86817000,
      "nonOperatingIncomeExcludingInterest": 0,
      "operatingIncome": 86817000,
      "totalOtherIncomeExpensesNet": -13007000,
      "incomeBeforeTax": 73810000,
      "incomeTaxExpense": 16444000,
      "netIncomeFromContinuingOperations": 57366000,
      "netIncomeFromDiscontinuedOperations": 0,
      "otherAdjustmentsToNetIncome": 0,
      "netIncome": 57366000,
      "netIncomeDeductions": -1585000,
      "bottomLineNetIncome": 58951000,
      "eps": 0.52,
      "epsDiluted": 0.45,
      "weightedAverageShsOut": 114181000,
      "weightedAverageShsOutDil": 130748000
    },
    {
      "quarter_label": "2024-Q2",
      "date": "2024-06-30",
      "symbol": "ETSY",
      "reportedCurrency": "USD",
      "cik": "0001370637",
      "filingDate": "2024-08-01",
      "acceptedDate": "2024-07-31 18:20:52",
      "fiscalYear": "2024",
      "period": "Q2",
      "revenue": 647806000,
      "costOfRevenue": 184090000,
      "grossProfit": 463716000,
      "researchAndDevelopmentExpenses": 114493000,
      "generalAndAdministrativeExpenses": 95991000,
      "sellingAndMarketingExpenses": 183063000,
      "sellingGeneralAndAdministrativeExpenses": 279054000,
      "otherExpenses": 0,
      "operatingExpenses": 393547000,
      "costAndExpenses": 577637000,
      "netInterestIncome": 3947000,
      "interestIncome": 7408000,
      "interestExpense": 3461000,
      "depreciationAndAmortization": 27087000,
      "ebitda": 109525000,
      "ebit": 82438000,
      "nonOperatingIncomeExcludingInterest": -12269000,
      "operatingIncome": 70169000,
      "totalOtherIncomeExpensesNet": 8808000,
      "incomeBeforeTax": 78977000,
      "incomeTaxExpense": 25972000,
      "netIncomeFromContinuingOperations": 53005000,
      "netIncomeFromDiscontinuedOperations": 0,
      "otherAdjustmentsToNetIncome": 0,
      "netIncome": 53005000,
      "netIncomeDeductions": -1585000,
      "bottomLineNetIncome": 54590000,
      "eps": 0.46,
      "epsDiluted": 0.41,
      "weightedAverageShsOut": 116432000,
      "weightedAverageShsOutDil": 133118000
    },
    {
      "quarter_label": "2024-Q1",
      "date": "2024-03-31",
      "symbol": "ETSY",
      "reportedCurrency": "USD",
      "cik": "0001370637",
      "filingDate": "2024-05-02",
      "acceptedDate": "2024-05-01 18:19:00",
      "fiscalYear": "2024",
      "period": "Q1",
      "revenue": 645954000,
      "costOfRevenue": 187133000,
      "grossProfit": 458821000,
      "researchAndDevelopmentExpenses": 109846000,
      "generalAndAdministrativeExpenses": 89074000,
      "sellingAndMarketingExpenses": 191811000,
      "sellingGeneralAndAdministrativeExpenses": 280885000,
      "otherExpenses": 0,
      "operatingExpenses": 390731000,
      "costAndExpenses": 577864000,
      "netInterestIncome": 0,
      "interestIncome": 0,
      "interestExpense": 0,
      "depreciationAndAmortization": 26846000,
      "ebitda": 94936000,
      "ebit": 68090000,
      "nonOperatingIncomeExcludingInterest": 0,
      "operatingIncome": 68090000,
      "totalOtherIncomeExpensesNet": 11565000,
      "incomeBeforeTax": 79655000,
      "incomeTaxExpense": 16651000,
      "netIncomeFromContinuingOperations": 63004000,
      "netIncomeFromDiscontinuedOperations": 0,
      "otherAdjustmentsToNetIncome": 0,
      "netIncome": 63004000,
      "netIncomeDeductions": -1585000,
      "bottomLineNetIncome": 64589000,
      "eps": 0.53,
      "epsDiluted": 0.48,
      "weightedAverageShsOut": 118440000,
      "weightedAverageShsOutDil": 135338000
    },
    {
      "quarter_label": "2023-Q4",
      "date": "2023-12-31",
      "symbol": "ETSY",
      "reportedCurrency": "USD",
      "cik": "0001370637",
      "filingDate": "2024-02-22",
      "acceptedDate": "2024-02-21 18:18:25",
      "fiscalYear": "2023",
      "period": "Q4",
      "revenue": 842322000,
      "costOfRevenue": 255757000,
      "grossProfit": 586565000,
      "researchAndDevelopmentExpenses": 117488000,
      "generalAndAdministrativeExpenses": 92543000,
      "sellingAndMarketingExpenses": 261076000,
      "sellingGeneralAndAdministrativeExpenses": 353619000,
      "otherExpenses": 0,
      "operatingExpenses": 471107000,
      "costAndExpenses": 726864000,
      "netInterestIncome": 0,
      "interestIncome": 0,
      "interestExpense": 0,
      "depreciationAndAmortization": 23033000,
      "ebitda": 97421000,
      "ebit": 74388000,
      "nonOperatingIncomeExcludingInterest": 41070000,
      "operatingIncome": 115458000,
      "totalOtherIncomeExpensesNet": -6290000,
      "incomeBeforeTax": 109168000,
      "incomeTaxExpense": 25902000,
      "netIncomeFromContinuingOperations": 83266000,
      "netIncomeFromDiscontinuedOperations": 0,
      "otherAdjustmentsToNetIncome": 0,
      "netIncome": 83266000,
      "netIncomeDeductions": -1586000,
      "bottomLineNetIncome": 84852000,
      "eps": 0.7,
      "epsDiluted": 0.62,
      "weightedAverageShsOut": 119599093,
      "weightedAverageShsOutDil": 136552671
    },
    {
      "quarter_label": "2023-Q3",
      "date": "2023-09-30",
      "symbol": "ETSY",
      "reportedCurrency": "USD",
      "cik": "0001370637",
      "filingDate": "2023-11-02",
      "acceptedDate": "2023-11-02 16:23:58",
      "fiscalYear": "2023",
      "period": "Q3",
      "revenue": 636302000,
      "costOfRevenue": 188827000,
      "grossProfit": 447475000,
      "researchAndDevelopmentExpenses": 113932000,
      "generalAndAdministrativeExpenses": 84051000,
      "sellingAndMarketingExpenses": 160936000,
      "sellingGeneralAndAdministrativeExpenses": 244987000,
      "otherExpenses": 0,
      "operatingExpenses": 358919000,
      "costAndExpenses": 547746000,
      "netInterestIncome": 0,
      "interestIncome": 0,
      "interestExpense": 0,
      "depreciationAndAmortization": 22172000,
      "ebitda": 110728000,
      "ebit": 88556000,
      "nonOperatingIncomeExcludingInterest": 0,
      "operatingIncome": 88556000,
      "totalOtherIncomeExpensesNet": 8411000,
      "incomeBeforeTax": 96967000,
      "incomeTaxExpense": 9117000,
      "netIncomeFromContinuingOperations": 87850000,
      "netIncomeFromDiscontinuedOperations": 0,
      "otherAdjustmentsToNetIncome": 0,
      "netIncome": 87850000,
      "netIncomeDeductions": -1583000,
      "bottomLineNetIncome": 89433000,
      "eps": 0.72,
      "epsDiluted": 0.64,
      "weightedAverageShsOut": 121807908,
      "weightedAverageShsOutDil": 138890567
    },
    {
      "quarter_label": "2023-Q2",
      "date": "2023-06-30",
      "symbol": "ETSY",
      "reportedCurrency": "USD",
      "cik": "0001370637",
      "filingDate": "2023-08-03",
      "acceptedDate": "2023-08-02 18:10:32",
      "fiscalYear": "2023",
      "period": "Q2",
      "revenue": 628876000,
      "costOfRevenue": 188638000,
      "grossProfit": 440238000,
      "researchAndDevelopmentExpenses": 121988000,
      "generalAndAdministrativeExpenses": 86661000,
      "sellingAndMarketingExpenses": 165870000,
      "sellingGeneralAndAdministrativeExpenses": 252531000,
      "otherExpenses": 68091000,
      "operatingExpenses": 442610000,
      "costAndExpenses": 631248000,
      "netInterestIncome": 0,
      "interestIncome": 0,
      "interestExpense": 0,
      "depreciationAndAmortization": 22946000,
      "ebitda": 88665000,
      "ebit": 65719000,
      "nonOperatingIncomeExcludingInterest": -68091000,
      "operatingIncome": -2372000,
      "totalOtherIncomeExpensesNet": 7786000,
      "incomeBeforeTax": 5414000,
      "incomeTaxExpense": -56501000,
      "netIncomeFromContinuingOperations": 61915000,
      "netIncomeFromDiscontinuedOperations": 0,
      "otherAdjustmentsToNetIncome": 0,
      "netIncome": 61915000,
      "netIncomeDeductions": -1595000,
      "bottomLineNetIncome": 63510000,
      "eps": 0.5,
      "epsDiluted": 0.45,
      "weightedAverageShsOut": 123463325,
      "weightedAverageShsOutDil": 141010561
    },
    {
      "quarter_label": "2023-Q1",
      "date": "2023-03-31",
      "symbol": "ETSY",
      "reportedCurrency": "USD",
      "cik": "0001370637",
      "filingDate": "2023-05-04",
      "acceptedDate": "2023-05-03 18:18:43",
      "fiscalYear": "2023",
      "period": "Q1",
      "revenue": 640877000,
      "costOfRevenue": 195453000,
      "grossProfit": 445424000,
      "researchAndDevelopmentExpenses": 115924000,
      "generalAndAdministrativeExpenses": 79987000,
      "sellingAndMarketingExpenses": 171314000,
      "sellingGeneralAndAdministrativeExpenses": 251301000,
      "otherExpenses": 0,
      "operatingExpenses": 367225000,
      "costAndExpenses": 562678000,
      "netInterestIncome": 0,
      "interestIncome": 0,
      "interestExpense": 0,
      "depreciationAndAmortization": 23172000,
      "ebitda": 101371000,
      "ebit": 78199000,
      "nonOperatingIncomeExcludingInterest": 0,
      "operatingIncome": 78199000,
      "totalOtherIncomeExpensesNet": 3072000,
      "incomeBeforeTax": 81271000,
      "incomeTaxExpense": 6734000,
      "netIncomeFromContinuingOperations": 74537000,
      "netIncomeFromDiscontinuedOperations": 0,
      "otherAdjustmentsToNetIncome": 0,
      "netIncome": 74537000,
      "netIncomeDeductions": -1595000,
      "bottomLineNetIncome": 76132000,
      "eps": 0.61,
      "epsDiluted": 0.53,
      "weightedAverageShsOut": 124337000,
      "weightedAverageShsOutDil": 142966000
    },
    {
      "quarter_label": "2022-Q4",
      "date": "2022-12-31",
      "symbol": "ETSY",
      "reportedCurrency": "USD",
      "cik": "0001370637",
      "filingDate": "2023-02-23",
      "acceptedDate": "2023-02-22 19:04:21",
      "fiscalYear": "2022",
      "period": "Q4",
      "revenue": 807241000,
      "costOfRevenue": 225775000,
      "grossProfit": 581466000,
      "researchAndDevelopmentExpenses": 112787000,
      "generalAndAdministrativeExpenses": 84526000,
      "sellingAndMarketingExpenses": 244809000,
      "sellingGeneralAndAdministrativeExpenses": 329335000,
      "otherExpenses": 0,
      "operatingExpenses": 442122000,
      "costAndExpenses": 667897000,
      "netInterestIncome": 0,
      "interestIncome": 0,
      "interestExpense": 0,
      "depreciationAndAmortization": 22794000,
      "ebitda": -872134000,
      "ebit": -894928000,
      "nonOperatingIncomeExcludingInterest": 1034272000,
      "operatingIncome": 139344000,
      "totalOtherIncomeExpensesNet": -11454000,
      "incomeBeforeTax": 127890000,
      "incomeTaxExpense": 18342000,
      "netIncomeFromContinuingOperations": 109548000,
      "netIncomeFromDiscontinuedOperations": 0,
      "otherAdjustmentsToNetIncome": 0,
      "netIncome": 109548000,
      "netIncomeDeductions": 0,
      "bottomLineNetIncome": 109548000,
      "eps": 0.87,
      "epsDiluted": 0.76,
      "weightedAverageShsOut": 125656123,
      "weightedAverageShsOutDil": 143981481
    },
    {
      "quarter_label": "2022-Q3",
      "date": "2022-09-30",
      "symbol": "ETSY",
      "reportedCurrency": "USD",
      "cik": "0001370637",
      "filingDate": "2022-11-03",
      "acceptedDate": "2022-11-02 18:19:48",
      "fiscalYear": "2022",
      "period": "Q3",
      "revenue": 594469000,
      "costOfRevenue": 174401000,
      "grossProfit": 420068000,
      "researchAndDevelopmentExpenses": 108040000,
      "generalAndAdministrativeExpenses": 74544000,
      "sellingAndMarketingExpenses": 147242000,
      "sellingGeneralAndAdministrativeExpenses": 221786000,
      "otherExpenses": 1045022000,
      "operatingExpenses": 1374848000,
      "costAndExpenses": 1549249000,
      "netInterestIncome": 0,
      "interestIncome": 0,
      "interestExpense": 0,
      "depreciationAndAmortization": 24127000,
      "ebitda": 114369000,
      "ebit": 90242000,
      "nonOperatingIncomeExcludingInterest": -1045022000,
      "operatingIncome": -954780000,
      "totalOtherIncomeExpensesNet": 5763000,
      "incomeBeforeTax": -949017000,
      "incomeTaxExpense": 14051000,
      "netIncomeFromContinuingOperations": -963068000,
      "netIncomeFromDiscontinuedOperations": 0,
      "otherAdjustmentsToNetIncome": 0,
      "netIncome": -963068000,
      "netIncomeDeductions": 0,
      "bottomLineNetIncome": -963068000,
      "eps": -7.62,
      "epsDiluted": -7.62,
      "weightedAverageShsOut": 126349250,
      "weightedAverageShsOutDil": 126349250
    },
    {
      "quarter_label": "2022-Q2",
      "date": "2022-06-30",
      "symbol": "ETSY",
      "reportedCurrency": "USD",
      "cik": "0001370637",
      "filingDate": "2022-07-28",
      "acceptedDate": "2022-07-27 18:25:23",
      "fiscalYear": "2022",
      "period": "Q2",
      "revenue": 585135000,
      "costOfRevenue": 171421000,
      "grossProfit": 413714000,
      "researchAndDevelopmentExpenses": 102095000,
      "generalAndAdministrativeExpenses": 74990000,
      "sellingAndMarketingExpenses": 164068000,
      "sellingGeneralAndAdministrativeExpenses": 239058000,
      "otherExpenses": 0,
      "operatingExpenses": 341153000,
      "costAndExpenses": 512574000,
      "netInterestIncome": 0,
      "interestIncome": 0,
      "interestExpense": 0,
      "depreciationAndAmortization": 25027000,
      "ebitda": 97588000,
      "ebit": 72561000,
      "nonOperatingIncomeExcludingInterest": 0,
      "operatingIncome": 72561000,
      "totalOtherIncomeExpensesNet": 601000,
      "incomeBeforeTax": 73162000,
      "incomeTaxExpense": 39000,
      "netIncomeFromContinuingOperations": 73123000,
      "netIncomeFromDiscontinuedOperations": 0,
      "otherAdjustmentsToNetIncome": 0,
      "netIncome": 73123000,
      "netIncomeDeductions": -1591000,
      "bottomLineNetIncome": 74714000,
      "eps": 0.51,
      "epsDiluted": 0.5,
      "weightedAverageShsOut": 142581095,
      "weightedAverageShsOutDil": 145683336
    },
    {
      "quarter_label": "2022-Q1",
      "date": "2022-03-31",
      "symbol": "ETSY",
      "reportedCurrency": "USD",
      "cik": "0001370637",
      "filingDate": "2022-05-05",
      "acceptedDate": "2022-05-04 18:29:43",
      "fiscalYear": "2022",
      "period": "Q1",
      "revenue": 579266000,
      "costOfRevenue": 172995000,
      "grossProfit": 406271000,
      "researchAndDevelopmentExpenses": 89476000,
      "generalAndAdministrativeExpenses": 78200000,
      "sellingAndMarketingExpenses": 154280000,
      "sellingGeneralAndAdministrativeExpenses": 232480000,
      "otherExpenses": 0,
      "operatingExpenses": 321956000,
      "costAndExpenses": 494951000,
      "netInterestIncome": 0,
      "interestIncome": 0,
      "interestExpense": 0,
      "depreciationAndAmortization": 24754000,
      "ebitda": 109069000,
      "ebit": 84315000,
      "nonOperatingIncomeExcludingInterest": 0,
      "operatingIncome": 84315000,
      "totalOtherIncomeExpensesNet": 1672000,
      "incomeBeforeTax": 85987000,
      "incomeTaxExpense": -122000,
      "netIncomeFromContinuingOperations": 86109000,
      "netIncomeFromDiscontinuedOperations": 0,
      "otherAdjustmentsToNetIncome": 0,
      "netIncome": 86109000,
      "netIncomeDeductions": -1592000,
      "bottomLineNetIncome": 87701000,
      "eps": 0.6,
      "epsDiluted": 0.59,
      "weightedAverageShsOut": 144015453,
      "weightedAverageShsOutDil": 146677879
    },
    {
      "quarter_label": "2021-Q4",
      "date": "2021-12-31",
      "symbol": "ETSY",
      "reportedCurrency": "USD",
      "cik": "0001370637",
      "filingDate": "2022-02-25",
      "acceptedDate": "2022-02-24 18:57:10",
      "fiscalYear": "2021",
      "period": "Q4",
      "revenue": 717139000,
      "costOfRevenue": 208966000,
      "grossProfit": 508173000,
      "researchAndDevelopmentExpenses": 82555000,
      "generalAndAdministrativeExpenses": 79171000,
      "sellingAndMarketingExpenses": 204198000,
      "sellingGeneralAndAdministrativeExpenses": 283369000,
      "otherExpenses": 0,
      "operatingExpenses": 365924000,
      "costAndExpenses": 574890000,
      "netInterestIncome": -3323000,
      "interestIncome": 216000,
      "interestExpense": 3539000,
      "depreciationAndAmortization": 24991000,
      "ebitda": 172903000,
      "ebit": 147912000,
      "nonOperatingIncomeExcludingInterest": -5663000,
      "operatingIncome": 142249000,
      "totalOtherIncomeExpensesNet": 2124000,
      "incomeBeforeTax": 144373000,
      "incomeTaxExpense": -17184000,
      "netIncomeFromContinuingOperations": 161557000,
      "netIncomeFromDiscontinuedOperations": 0,
      "otherAdjustmentsToNetIncome": 0,
      "netIncome": 161557000,
      "netIncomeDeductions": -1588000,
      "bottomLineNetIncome": 163145000,
      "eps": 1.27,
      "epsDiluted": 1.11,
      "weightedAverageShsOut": 127141606,
      "weightedAverageShsOutDil": 147631123
    },
    {
      "quarter_label": "2021-Q3",
      "date": "2021-09-30",
      "symbol": "ETSY",
      "reportedCurrency": "USD",
      "cik": "0001370637",
      "filingDate": "2021-11-04",
      "acceptedDate": "2021-11-03 18:30:32",
      "fiscalYear": "2021",
      "period": "Q3",
      "revenue": 532429000,
      "costOfRevenue": 153660000,
      "grossProfit": 378769000,
      "researchAndDevelopmentExpenses": 73521000,
      "generalAndAdministrativeExpenses": 89579000,
      "sellingAndMarketingExpenses": 131928000,
      "sellingGeneralAndAdministrativeExpenses": 221507000,
      "otherExpenses": 0,
      "operatingExpenses": 295028000,
      "costAndExpenses": 448688000,
      "netInterestIncome": -2640000,
      "interestIncome": 139000,
      "interestExpense": 2779000,
      "depreciationAndAmortization": 23211000,
      "ebitda": 106952000,
      "ebit": 83741000,
      "nonOperatingIncomeExcludingInterest": 0,
      "operatingIncome": 83741000,
      "totalOtherIncomeExpensesNet": 58000,
      "incomeBeforeTax": 83799000,
      "incomeTaxExpense": -6131000,
      "netIncomeFromContinuingOperations": 89930000,
      "netIncomeFromDiscontinuedOperations": 0,
      "otherAdjustmentsToNetIncome": 0,
      "netIncome": 89930000,
      "netIncomeDeductions": -1594000,
      "bottomLineNetIncome": 91524000,
      "eps": 0.71,
      "epsDiluted": 0.62,
      "weightedAverageShsOut": 126633789,
      "weightedAverageShsOutDil": 147413915
    },
    {
      "quarter_label": "2021-Q2",
      "date": "2021-06-30",
      "symbol": "ETSY",
      "reportedCurrency": "USD",
      "cik": "0001370637",
      "filingDate": "2021-08-05",
      "acceptedDate": "2021-08-04 18:12:12",
      "fiscalYear": "2021",
      "period": "Q2",
      "revenue": 528900000,
      "costOfRevenue": 148969000,
      "grossProfit": 379931000,
      "researchAndDevelopmentExpenses": 61753000,
      "generalAndAdministrativeExpenses": 61599000,
      "sellingAndMarketingExpenses": 167474000,
      "sellingGeneralAndAdministrativeExpenses": 229073000,
      "otherExpenses": 0,
      "operatingExpenses": 290826000,
      "costAndExpenses": 439795000,
      "netInterestIncome": -1079000,
      "interestIncome": 803000,
      "interestExpense": 1882000,
      "depreciationAndAmortization": 12985000,
      "ebitda": 102090000,
      "ebit": 89105000,
      "nonOperatingIncomeExcludingInterest": 0,
      "operatingIncome": 89105000,
      "totalOtherIncomeExpensesNet": -3351000,
      "incomeBeforeTax": 85754000,
      "incomeTaxExpense": -12500000,
      "netIncomeFromContinuingOperations": 98254000,
      "netIncomeFromDiscontinuedOperations": 0,
      "otherAdjustmentsToNetIncome": 0,
      "netIncome": 98254000,
      "netIncomeDeductions": -934000,
      "bottomLineNetIncome": 99188000,
      "eps": 0.77,
      "epsDiluted": 0.68,
      "weightedAverageShsOut": 126977990,
      "weightedAverageShsOutDil": 144867491
    },
    {
      "quarter_label": "2021-Q1",
      "date": "2021-03-31",
      "symbol": "ETSY",
      "reportedCurrency": "USD",
      "cik": "0001370637",
      "filingDate": "2021-05-06",
      "acceptedDate": "2021-05-05 18:13:19",
      "fiscalYear": "2021",
      "period": "Q1",
      "revenue": 550646000,
      "costOfRevenue": 142917000,
      "grossProfit": 407729000,
      "researchAndDevelopmentExpenses": 53706000,
      "generalAndAdministrativeExpenses": 52182000,
      "sellingAndMarketingExpenses": 151204000,
      "sellingGeneralAndAdministrativeExpenses": 203386000,
      "otherExpenses": 0,
      "operatingExpenses": 257092000,
      "costAndExpenses": 400009000,
      "netInterestIncome": -706000,
      "interestIncome": 979000,
      "interestExpense": 1685000,
      "depreciationAndAmortization": 13080000,
      "ebitda": 163717000,
      "ebit": 150637000,
      "nonOperatingIncomeExcludingInterest": 0,
      "operatingIncome": 150637000,
      "totalOtherIncomeExpensesNet": 7091000,
      "incomeBeforeTax": 157728000,
      "incomeTaxExpense": 13962000,
      "netIncomeFromContinuingOperations": 143766000,
      "netIncomeFromDiscontinuedOperations": 0,
      "otherAdjustmentsToNetIncome": 0,
      "netIncome": 143766000,
      "netIncomeDeductions": -784000,
      "bottomLineNetIncome": 144550000,
      "eps": 1.14,
      "epsDiluted": 1,
      "weightedAverageShsOut": 126214735,
      "weightedAverageShsOutDil": 144714686
    },
    {
      "quarter_label": "2020-Q4",
      "date": "2020-12-31",
      "symbol": "ETSY",
      "reportedCurrency": "USD",
      "cik": "0001370637",
      "filingDate": "2021-02-26",
      "acceptedDate": "2021-02-25 18:16:46",
      "fiscalYear": "2020",
      "period": "Q4",
      "revenue": 617355000,
      "costOfRevenue": 150780000,
      "grossProfit": 466575000,
      "researchAndDevelopmentExpenses": 51157000,
      "generalAndAdministrativeExpenses": 43318000,
      "sellingAndMarketingExpenses": 210765000,
      "sellingGeneralAndAdministrativeExpenses": 254083000,
      "otherExpenses": 0,
      "operatingExpenses": 305240000,
      "costAndExpenses": 456020000,
      "netInterestIncome": -10818000,
      "interestIncome": 599000,
      "interestExpense": 11417000,
      "depreciationAndAmortization": 13101000,
      "ebitda": 177825000,
      "ebit": 164724000,
      "nonOperatingIncomeExcludingInterest": -3389000,
      "operatingIncome": 161335000,
      "totalOtherIncomeExpensesNet": -8028000,
      "incomeBeforeTax": 153307000,
      "incomeTaxExpense": 4769000,
      "netIncomeFromContinuingOperations": 148538000,
      "netIncomeFromDiscontinuedOperations": 0,
      "otherAdjustmentsToNetIncome": 0,
      "netIncome": 148538000,
      "netIncomeDeductions": -4532000,
      "bottomLineNetIncome": 153070000,
      "eps": 1.18,
      "epsDiluted": 1.08,
      "weightedAverageShsOut": 125975077,
      "weightedAverageShsOutDil": 141140543
    },
    {
      "quarter_label": "2020-Q3",
      "date": "2020-09-30",
      "symbol": "ETSY",
      "reportedCurrency": "USD",
      "cik": "0001370637",
      "filingDate": "2020-10-29",
      "acceptedDate": "2020-10-29 11:16:03",
      "fiscalYear": "2020",
      "period": "Q3",
      "revenue": 451478000,
      "costOfRevenue": 120168000,
      "grossProfit": 331310000,
      "researchAndDevelopmentExpenses": 45908000,
      "generalAndAdministrativeExpenses": 40454000,
      "sellingAndMarketingExpenses": 126779000,
      "sellingGeneralAndAdministrativeExpenses": 167233000,
      "otherExpenses": 0,
      "operatingExpenses": 213141000,
      "costAndExpenses": 333309000,
      "netInterestIncome": -9457000,
      "interestIncome": 1158000,
      "interestExpense": 10615000,
      "depreciationAndAmortization": 15754000,
      "ebitda": 116762000,
      "ebit": 101008000,
      "nonOperatingIncomeExcludingInterest": 17161000,
      "operatingIncome": 118169000,
      "totalOtherIncomeExpensesNet": -27776000,
      "incomeBeforeTax": 90393000,
      "incomeTaxExpense": -1368000,
      "netIncomeFromContinuingOperations": 91761000,
      "netIncomeFromDiscontinuedOperations": 0,
      "otherAdjustmentsToNetIncome": 0,
      "netIncome": 91761000,
      "netIncomeDeductions": -4494000,
      "bottomLineNetIncome": 96255000,
      "eps": 0.75,
      "epsDiluted": 0.7,
      "weightedAverageShsOut": 121978272,
      "weightedAverageShsOutDil": 137560385
    }
  ],
  "data_summary": {
    "earliest_quarter": "2020-Q3",
    "latest_quarter": "2025-Q2",
    "years_covered": 6
  }
}