{
  "ticker": "MSFT",
  "initialization_date": "2025-08-23T19:03:53.760131",
  "total_quarters": 20,
  "api_calls_made": 4,
  "quarterly_data": [
    {
      "quarter_label": "2025-Q4",
      "date": "2025-06-30",
      "symbol": "MSFT",
      "reportedCurrency": "USD",
      "cik": "0000789019",
      "filingDate": "2025-07-30",
      "acceptedDate": "2025-07-30 16:11:40",
      "fiscalYear": "2025",
      "period": "Q4",
      "revenue": 76441000000,
      "costOfRevenue": 24014000000,
      "grossProfit": 52427000000,
      "researchAndDevelopmentExpenses": 8829000000,
      "generalAndAdministrativeExpenses": 1990000000,
      "sellingAndMarketingExpenses": 7285000000,
      "sellingGeneralAndAdministrativeExpenses": 9275000000,
      "otherExpenses": 0,
      "operatingExpenses": 18104000000,
      "costAndExpenses": 42118000000,
      "netInterestIncome": 154000000,
      "interestIncome": 769000000,
      "interestExpense": 615000000,
      "depreciationAndAmortization": 11203000000,
      "ebitda": 44434000000,
      "ebit": 33231000000,
      "nonOperatingIncomeExcludingInterest": 1092000000,
      "operatingIncome": 34323000000,
      "totalOtherIncomeExpensesNet": -1707000000,
      "incomeBeforeTax": 32616000000,
      "incomeTaxExpense": 5383000000,
      "netIncomeFromContinuingOperations": 27233000000,
      "netIncomeFromDiscontinuedOperations": 0,
      "otherAdjustmentsToNetIncome": 0,
      "netIncome": 27233000000,
      "netIncomeDeductions": 0,
      "bottomLineNetIncome": 27233000000,
      "eps": 3.67,
      "epsDiluted": 3.65,
      "weightedAverageShsOut": 7433000000,
      "weightedAverageShsOutDil": 7465000000
    },
    {
      "quarter_label": "2025-Q3",
      "date": "2025-03-31",
      "symbol": "MSFT",
      "reportedCurrency": "USD",
      "cik": "0000789019",
      "filingDate": "2025-04-30",
      "acceptedDate": "2025-04-30 16:08:52",
      "fiscalYear": "2025",
      "period": "Q3",
      "revenue": 70066000000,
      "costOfRevenue": 21919000000,
      "grossProfit": 48147000000,
      "researchAndDevelopmentExpenses": 8198000000,
      "generalAndAdministrativeExpenses": 1737000000,
      "sellingAndMarketingExpenses": 6212000000,
      "sellingGeneralAndAdministrativeExpenses": 7949000000,
      "otherExpenses": 0,
      "operatingExpenses": 16147000000,
      "costAndExpenses": 38066000000,
      "netInterestIncome": 3000000,
      "interestIncome": 597000000,
      "interestExpense": 594000000,
      "depreciationAndAmortization": 8740000000,
      "ebitda": 40711000000,
      "ebit": 31971000000,
      "nonOperatingIncomeExcludingInterest": 29000000,
      "operatingIncome": 32000000000,
      "totalOtherIncomeExpensesNet": -623000000,
      "incomeBeforeTax": 31377000000,
      "incomeTaxExpense": 5553000000,
      "netIncomeFromContinuingOperations": 25824000000,
      "netIncomeFromDiscontinuedOperations": 0,
      "otherAdjustmentsToNetIncome": 0,
      "netIncome": 25824000000,
      "netIncomeDeductions": 0,
      "bottomLineNetIncome": 25824000000,
      "eps": 3.47,
      "epsDiluted": 3.46,
      "weightedAverageShsOut": 7434000000,
      "weightedAverageShsOutDil": 7461000000
    },
    {
      "quarter_label": "2025-Q2",
      "date": "2024-12-31",
      "symbol": "MSFT",
      "reportedCurrency": "USD",
      "cik": "0000789019",
      "filingDate": "2025-01-29",
      "acceptedDate": "2025-01-29 16:11:54",
      "fiscalYear": "2025",
      "period": "Q2",
      "revenue": 69632000000,
      "costOfRevenue": 21799000000,
      "grossProfit": 47833000000,
      "researchAndDevelopmentExpenses": 7917000000,
      "generalAndAdministrativeExpenses": 1823000000,
      "sellingAndMarketingExpenses": 6440000000,
      "sellingGeneralAndAdministrativeExpenses": 8263000000,
      "otherExpenses": 0,
      "operatingExpenses": 16180000000,
      "costAndExpenses": 37979000000,
      "netInterestIncome": 6000000,
      "interestIncome": 600000000,
      "interestExpense": 594000000,
      "depreciationAndAmortization": 6827000000,
      "ebitda": 36786000000,
      "ebit": 29959000000,
      "nonOperatingIncomeExcludingInterest": 1694000000,
      "operatingIncome": 31653000000,
      "totalOtherIncomeExpensesNet": -2288000000,
      "incomeBeforeTax": 29365000000,
      "incomeTaxExpense": 5257000000,
      "netIncomeFromContinuingOperations": 24108000000,
      "netIncomeFromDiscontinuedOperations": 0,
      "otherAdjustmentsToNetIncome": 0,
      "netIncome": 24108000000,
      "netIncomeDeductions": 0,
      "bottomLineNetIncome": 24108000000,
      "eps": 3.24,
      "epsDiluted": 3.23,
      "weightedAverageShsOut": 7435000000,
      "weightedAverageShsOutDil": 7468000000
    },
    {
      "quarter_label": "2025-Q1",
      "date": "2024-09-30",
      "symbol": "MSFT",
      "reportedCurrency": "USD",
      "cik": "0000789019",
      "filingDate": "2024-10-30",
      "acceptedDate": "2024-10-30 16:07:17",
      "fiscalYear": "2025",
      "period": "Q1",
      "revenue": 65585000000,
      "costOfRevenue": 20099000000,
      "grossProfit": 45486000000,
      "researchAndDevelopmentExpenses": 7544000000,
      "generalAndAdministrativeExpenses": 1673000000,
      "sellingAndMarketingExpenses": 5717000000,
      "sellingGeneralAndAdministrativeExpenses": 7390000000,
      "otherExpenses": 0,
      "operatingExpenses": 14934000000,
      "costAndExpenses": 35033000000,
      "netInterestIncome": 99000000,
      "interestIncome": 681000000,
      "interestExpense": 582000000,
      "depreciationAndAmortization": 7383000000,
      "ebitda": 38234000000,
      "ebit": 30851000000,
      "nonOperatingIncomeExcludingInterest": -299000000,
      "operatingIncome": 30552000000,
      "totalOtherIncomeExpensesNet": -283000000,
      "incomeBeforeTax": 30269000000,
      "incomeTaxExpense": 5602000000,
      "netIncomeFromContinuingOperations": 24667000000,
      "netIncomeFromDiscontinuedOperations": 0,
      "otherAdjustmentsToNetIncome": 0,
      "netIncome": 24667000000,
      "netIncomeDeductions": 0,
      "bottomLineNetIncome": 24667000000,
      "eps": 3.32,
      "epsDiluted": 3.3,
      "weightedAverageShsOut": 7433000000,
      "weightedAverageShsOutDil": 7470000000
    },
    {
      "quarter_label": "2024-Q4",
      "date": "2024-06-30",
      "symbol": "MSFT",
      "reportedCurrency": "USD",
      "cik": "0000789019",
      "filingDate": "2024-07-30",
      "acceptedDate": "2024-07-30 16:06:22",
      "fiscalYear": "2024",
      "period": "Q4",
      "revenue": 64727000000,
      "costOfRevenue": 19684000000,
      "grossProfit": 45043000000,
      "researchAndDevelopmentExpenses": 8056000000,
      "generalAndAdministrativeExpenses": 2246000000,
      "sellingAndMarketingExpenses": 6816000000,
      "sellingGeneralAndAdministrativeExpenses": 9062000000,
      "otherExpenses": 0,
      "operatingExpenses": 17118000000,
      "costAndExpenses": 36802000000,
      "netInterestIncome": -63000000,
      "interestIncome": 638000000,
      "interestExpense": 701000000,
      "depreciationAndAmortization": 6380000000,
      "ebitda": 34331000000,
      "ebit": 27951000000,
      "nonOperatingIncomeExcludingInterest": -26000000,
      "operatingIncome": 27925000000,
      "totalOtherIncomeExpensesNet": -675000000,
      "incomeBeforeTax": 27250000000,
      "incomeTaxExpense": 5214000000,
      "netIncomeFromContinuingOperations": 22036000000,
      "netIncomeFromDiscontinuedOperations": 0,
      "otherAdjustmentsToNetIncome": 0,
      "netIncome": 22036000000,
      "netIncomeDeductions": 0,
      "bottomLineNetIncome": 22036000000,
      "eps": 2.96,
      "epsDiluted": 2.95,
      "weightedAverageShsOut": 7433000000,
      "weightedAverageShsOutDil": 7472000000
    },
    {
      "quarter_label": "2024-Q3",
      "date": "2024-03-31",
      "symbol": "MSFT",
      "reportedCurrency": "USD",
      "cik": "0000789019",
      "filingDate": "2024-04-25",
      "acceptedDate": "2024-04-25 16:06:24",
      "fiscalYear": "2024",
      "period": "Q3",
      "revenue": 61858000000,
      "costOfRevenue": 18505000000,
      "grossProfit": 43353000000,
      "researchAndDevelopmentExpenses": 7653000000,
      "generalAndAdministrativeExpenses": 1912000000,
      "sellingAndMarketingExpenses": 6207000000,
      "sellingGeneralAndAdministrativeExpenses": 8119000000,
      "otherExpenses": 0,
      "operatingExpenses": 15772000000,
      "costAndExpenses": 34277000000,
      "netInterestIncome": -181000000,
      "interestIncome": 619000000,
      "interestExpense": 800000000,
      "depreciationAndAmortization": 6027000000,
      "ebitda": 33554000000,
      "ebit": 27527000000,
      "nonOperatingIncomeExcludingInterest": 54000000,
      "operatingIncome": 27581000000,
      "totalOtherIncomeExpensesNet": -854000000,
      "incomeBeforeTax": 26727000000,
      "incomeTaxExpense": 4788000000,
      "netIncomeFromContinuingOperations": 21939000000,
      "netIncomeFromDiscontinuedOperations": 0,
      "otherAdjustmentsToNetIncome": 0,
      "netIncome": 21939000000,
      "netIncomeDeductions": 0,
      "bottomLineNetIncome": 21939000000,
      "eps": 2.95,
      "epsDiluted": 2.94,
      "weightedAverageShsOut": 7431000000,
      "weightedAverageShsOutDil": 7472000000
    },
    {
      "quarter_label": "2024-Q2",
      "date": "2023-12-31",
      "symbol": "MSFT",
      "reportedCurrency": "USD",
      "cik": "0000789019",
      "filingDate": "2024-01-30",
      "acceptedDate": "2024-01-30 16:05:46",
      "fiscalYear": "2024",
      "period": "Q2",
      "revenue": 62020000000,
      "costOfRevenue": 19623000000,
      "grossProfit": 42397000000,
      "researchAndDevelopmentExpenses": 7142000000,
      "generalAndAdministrativeExpenses": 1977000000,
      "sellingAndMarketingExpenses": 6246000000,
      "sellingGeneralAndAdministrativeExpenses": 8223000000,
      "otherExpenses": 0,
      "operatingExpenses": 15365000000,
      "costAndExpenses": 34988000000,
      "netInterestIncome": -175000000,
      "interestIncome": 734000000,
      "interestExpense": 909000000,
      "depreciationAndAmortization": 5959000000,
      "ebitda": 33394000000,
      "ebit": 27435000000,
      "nonOperatingIncomeExcludingInterest": -403000000,
      "operatingIncome": 27032000000,
      "totalOtherIncomeExpensesNet": -506000000,
      "incomeBeforeTax": 26526000000,
      "incomeTaxExpense": 4656000000,
      "netIncomeFromContinuingOperations": 21870000000,
      "netIncomeFromDiscontinuedOperations": 0,
      "otherAdjustmentsToNetIncome": 0,
      "netIncome": 21870000000,
      "netIncomeDeductions": 0,
      "bottomLineNetIncome": 21870000000,
      "eps": 2.94,
      "epsDiluted": 2.93,
      "weightedAverageShsOut": 7432000000,
      "weightedAverageShsOutDil": 7468000000
    },
    {
      "quarter_label": "2024-Q1",
      "date": "2023-09-30",
      "symbol": "MSFT",
      "reportedCurrency": "USD",
      "cik": "0000789019",
      "filingDate": "2023-10-24",
      "acceptedDate": "2023-10-24 16:07:40",
      "fiscalYear": "2024",
      "period": "Q1",
      "revenue": 56517000000,
      "costOfRevenue": 16302000000,
      "grossProfit": 40215000000,
      "researchAndDevelopmentExpenses": 6659000000,
      "generalAndAdministrativeExpenses": 1474000000,
      "sellingAndMarketingExpenses": 5187000000,
      "sellingGeneralAndAdministrativeExpenses": 6661000000,
      "otherExpenses": 0,
      "operatingExpenses": 13320000000,
      "costAndExpenses": 29622000000,
      "netInterestIncome": 641000000,
      "interestIncome": 1166000000,
      "interestExpense": 525000000,
      "depreciationAndAmortization": 3921000000,
      "ebitda": 31730000000,
      "ebit": 27809000000,
      "nonOperatingIncomeExcludingInterest": -914000000,
      "operatingIncome": 26895000000,
      "totalOtherIncomeExpensesNet": 389000000,
      "incomeBeforeTax": 27284000000,
      "incomeTaxExpense": 4993000000,
      "netIncomeFromContinuingOperations": 22291000000,
      "netIncomeFromDiscontinuedOperations": 0,
      "otherAdjustmentsToNetIncome": 0,
      "netIncome": 22291000000,
      "netIncomeDeductions": 0,
      "bottomLineNetIncome": 22291000000,
      "eps": 3,
      "epsDiluted": 2.99,
      "weightedAverageShsOut": 7429000000,
      "weightedAverageShsOutDil": 7462000000
    },
    {
      "quarter_label": "2023-Q4",
      "date": "2023-06-30",
      "symbol": "MSFT",
      "reportedCurrency": "USD",
      "cik": "0000789019",
      "filingDate": "2023-07-27",
      "acceptedDate": "2023-07-27 16:01:56",
      "fiscalYear": "2023",
      "period": "Q4",
      "revenue": 56189000000,
      "costOfRevenue": 16795000000,
      "grossProfit": 39394000000,
      "researchAndDevelopmentExpenses": 6739000000,
      "generalAndAdministrativeExpenses": 2197000000,
      "sellingAndMarketingExpenses": 6204000000,
      "sellingGeneralAndAdministrativeExpenses": 8401000000,
      "otherExpenses": 0,
      "operatingExpenses": 15140000000,
      "costAndExpenses": 31935000000,
      "netInterestIncome": 423000000,
      "interestIncome": 905000000,
      "interestExpense": 482000000,
      "depreciationAndAmortization": 3874000000,
      "ebitda": 29083000000,
      "ebit": 25209000000,
      "nonOperatingIncomeExcludingInterest": -955000000,
      "operatingIncome": 24254000000,
      "totalOtherIncomeExpensesNet": 473000000,
      "incomeBeforeTax": 24727000000,
      "incomeTaxExpense": 4646000000,
      "netIncomeFromContinuingOperations": 20081000000,
      "netIncomeFromDiscontinuedOperations": 0,
      "otherAdjustmentsToNetIncome": 0,
      "netIncome": 20081000000,
      "netIncomeDeductions": 0,
      "bottomLineNetIncome": 20081000000,
      "eps": 2.7,
      "epsDiluted": 2.69,
      "weightedAverageShsOut": 7434000000,
      "weightedAverageShsOutDil": 7467000000
    },
    {
      "quarter_label": "2023-Q3",
      "date": "2023-03-31",
      "symbol": "MSFT",
      "reportedCurrency": "USD",
      "cik": "0000789019",
      "filingDate": "2023-04-25",
      "acceptedDate": "2023-04-25 16:07:43",
      "fiscalYear": "2023",
      "period": "Q3",
      "revenue": 52857000000,
      "costOfRevenue": 16128000000,
      "grossProfit": 36729000000,
      "researchAndDevelopmentExpenses": 6984000000,
      "generalAndAdministrativeExpenses": 1643000000,
      "sellingAndMarketingExpenses": 5750000000,
      "sellingGeneralAndAdministrativeExpenses": 7393000000,
      "otherExpenses": 0,
      "operatingExpenses": 14377000000,
      "costAndExpenses": 30505000000,
      "netInterestIncome": 252000000,
      "interestIncome": 748000000,
      "interestExpense": 496000000,
      "depreciationAndAmortization": 3549000000,
      "ebitda": 26718000000,
      "ebit": 23169000000,
      "nonOperatingIncomeExcludingInterest": -817000000,
      "operatingIncome": 22352000000,
      "totalOtherIncomeExpensesNet": 321000000,
      "incomeBeforeTax": 22673000000,
      "incomeTaxExpense": 4374000000,
      "netIncomeFromContinuingOperations": 18299000000,
      "netIncomeFromDiscontinuedOperations": 0,
      "otherAdjustmentsToNetIncome": 0,
      "netIncome": 18299000000,
      "netIncomeDeductions": 0,
      "bottomLineNetIncome": 18299000000,
      "eps": 2.46,
      "epsDiluted": 2.45,
      "weightedAverageShsOut": 7441000000,
      "weightedAverageShsOutDil": 7464000000
    },
    {
      "quarter_label": "2023-Q2",
      "date": "2022-12-31",
      "symbol": "MSFT",
      "reportedCurrency": "USD",
      "cik": "0000789019",
      "filingDate": "2023-01-24",
      "acceptedDate": "2023-01-24 16:34:20",
      "fiscalYear": "2023",
      "period": "Q2",
      "revenue": 52747000000,
      "costOfRevenue": 17488000000,
      "grossProfit": 35259000000,
      "researchAndDevelopmentExpenses": 6844000000,
      "generalAndAdministrativeExpenses": 2337000000,
      "sellingAndMarketingExpenses": 5679000000,
      "sellingGeneralAndAdministrativeExpenses": 8016000000,
      "otherExpenses": 0,
      "operatingExpenses": 14860000000,
      "costAndExpenses": 32348000000,
      "netInterestIncome": 210000000,
      "interestIncome": 700000000,
      "interestExpense": 490000000,
      "depreciationAndAmortization": 3648000000,
      "ebitda": 24477000000,
      "ebit": 20829000000,
      "nonOperatingIncomeExcludingInterest": -430000000,
      "operatingIncome": 20399000000,
      "totalOtherIncomeExpensesNet": -60000000,
      "incomeBeforeTax": 20339000000,
      "incomeTaxExpense": 3914000000,
      "netIncomeFromContinuingOperations": 16425000000,
      "netIncomeFromDiscontinuedOperations": 0,
      "otherAdjustmentsToNetIncome": 0,
      "netIncome": 16425000000,
      "netIncomeDeductions": 0,
      "bottomLineNetIncome": 16425000000,
      "eps": 2.2,
      "epsDiluted": 2.2,
      "weightedAverageShsOut": 7451000000,
      "weightedAverageShsOutDil": 7473000000
    },
    {
      "quarter_label": "2023-Q1",
      "date": "2022-09-30",
      "symbol": "MSFT",
      "reportedCurrency": "USD",
      "cik": "0000789019",
      "filingDate": "2022-10-25",
      "acceptedDate": "2022-10-25 16:08:55",
      "fiscalYear": "2023",
      "period": "Q1",
      "revenue": 50122000000,
      "costOfRevenue": 15452000000,
      "grossProfit": 34670000000,
      "researchAndDevelopmentExpenses": 6628000000,
      "generalAndAdministrativeExpenses": 1398000000,
      "sellingAndMarketingExpenses": 5126000000,
      "sellingGeneralAndAdministrativeExpenses": 6524000000,
      "otherExpenses": 0,
      "operatingExpenses": 13152000000,
      "costAndExpenses": 28604000000,
      "netInterestIncome": 141000000,
      "interestIncome": 641000000,
      "interestExpense": 500000000,
      "depreciationAndAmortization": 2790000000,
      "ebitda": 24862000000,
      "ebit": 22072000000,
      "nonOperatingIncomeExcludingInterest": -554000000,
      "operatingIncome": 21518000000,
      "totalOtherIncomeExpensesNet": 54000000,
      "incomeBeforeTax": 21572000000,
      "incomeTaxExpense": 4016000000,
      "netIncomeFromContinuingOperations": 17556000000,
      "netIncomeFromDiscontinuedOperations": 0,
      "otherAdjustmentsToNetIncome": 0,
      "netIncome": 17556000000,
      "netIncomeDeductions": 0,
      "bottomLineNetIncome": 17556000000,
      "eps": 2.35,
      "epsDiluted": 2.35,
      "weightedAverageShsOut": 7457000000,
      "weightedAverageShsOutDil": 7485000000
    },
    {
      "quarter_label": "2022-Q4",
      "date": "2022-06-30",
      "symbol": "MSFT",
      "reportedCurrency": "USD",
      "cik": "0000789019",
      "filingDate": "2022-07-28",
      "acceptedDate": "2022-07-28 16:06:19",
      "fiscalYear": "2022",
      "period": "Q4",
      "revenue": 51865000000,
      "costOfRevenue": 16429000000,
      "grossProfit": 35436000000,
      "researchAndDevelopmentExpenses": 6849000000,
      "generalAndAdministrativeExpenses": 1749000000,
      "sellingAndMarketingExpenses": 6304000000,
      "sellingGeneralAndAdministrativeExpenses": 8053000000,
      "otherExpenses": 0,
      "operatingExpenses": 14902000000,
      "costAndExpenses": 31331000000,
      "netInterestIncome": 56000000,
      "interestIncome": 552000000,
      "interestExpense": 496000000,
      "depreciationAndAmortization": 3979000000,
      "ebitda": 24962000000,
      "ebit": 20983000000,
      "nonOperatingIncomeExcludingInterest": -449000000,
      "operatingIncome": 20534000000,
      "totalOtherIncomeExpensesNet": -47000000,
      "incomeBeforeTax": 20487000000,
      "incomeTaxExpense": 3747000000,
      "netIncomeFromContinuingOperations": 16740000000,
      "netIncomeFromDiscontinuedOperations": 0,
      "otherAdjustmentsToNetIncome": 0,
      "netIncome": 16740000000,
      "netIncomeDeductions": 0,
      "bottomLineNetIncome": 16740000000,
      "eps": 2.24,
      "epsDiluted": 2.23,
      "weightedAverageShsOut": 7474000000,
      "weightedAverageShsOutDil": 7506000000
    },
    {
      "quarter_label": "2022-Q3",
      "date": "2022-03-31",
      "symbol": "MSFT",
      "reportedCurrency": "USD",
      "cik": "0000789019",
      "filingDate": "2022-04-26",
      "acceptedDate": "2022-04-26 16:08:55",
      "fiscalYear": "2022",
      "period": "Q3",
      "revenue": 49360000000,
      "costOfRevenue": 15615000000,
      "grossProfit": 33745000000,
      "researchAndDevelopmentExpenses": 6306000000,
      "generalAndAdministrativeExpenses": 1480000000,
      "sellingAndMarketingExpenses": 5595000000,
      "sellingGeneralAndAdministrativeExpenses": 7075000000,
      "otherExpenses": 0,
      "operatingExpenses": 13381000000,
      "costAndExpenses": 28996000000,
      "netInterestIncome": 16000000,
      "interestIncome": 519000000,
      "interestExpense": 503000000,
      "depreciationAndAmortization": 3773000000,
      "ebitda": 24466000000,
      "ebit": 20693000000,
      "nonOperatingIncomeExcludingInterest": -329000000,
      "operatingIncome": 20364000000,
      "totalOtherIncomeExpensesNet": -174000000,
      "incomeBeforeTax": 20190000000,
      "incomeTaxExpense": 3462000000,
      "netIncomeFromContinuingOperations": 16728000000,
      "netIncomeFromDiscontinuedOperations": 0,
      "otherAdjustmentsToNetIncome": 0,
      "netIncome": 16728000000,
      "netIncomeDeductions": 0,
      "bottomLineNetIncome": 16728000000,
      "eps": 2.23,
      "epsDiluted": 2.22,
      "weightedAverageShsOut": 7493000000,
      "weightedAverageShsOutDil": 7534000000
    },
    {
      "quarter_label": "2022-Q2",
      "date": "2021-12-31",
      "symbol": "MSFT",
      "reportedCurrency": "USD",
      "cik": "0000789019",
      "filingDate": "2022-01-25",
      "acceptedDate": "2022-01-25 16:09:04",
      "fiscalYear": "2022",
      "period": "Q2",
      "revenue": 51728000000,
      "costOfRevenue": 16960000000,
      "grossProfit": 34768000000,
      "researchAndDevelopmentExpenses": 5758000000,
      "generalAndAdministrativeExpenses": 1384000000,
      "sellingAndMarketingExpenses": 5379000000,
      "sellingGeneralAndAdministrativeExpenses": 6763000000,
      "otherExpenses": 0,
      "operatingExpenses": 12521000000,
      "costAndExpenses": 29481000000,
      "netInterestIncome": -22000000,
      "interestIncome": 503000000,
      "interestExpense": 525000000,
      "depreciationAndAmortization": 3496000000,
      "ebitda": 26536000000,
      "ebit": 23040000000,
      "nonOperatingIncomeExcludingInterest": -793000000,
      "operatingIncome": 22247000000,
      "totalOtherIncomeExpensesNet": 268000000,
      "incomeBeforeTax": 22515000000,
      "incomeTaxExpense": 3750000000,
      "netIncomeFromContinuingOperations": 18765000000,
      "netIncomeFromDiscontinuedOperations": 0,
      "otherAdjustmentsToNetIncome": 0,
      "netIncome": 18765000000,
      "netIncomeDeductions": 0,
      "bottomLineNetIncome": 18765000000,
      "eps": 2.5,
      "epsDiluted": 2.48,
      "weightedAverageShsOut": 7505000000,
      "weightedAverageShsOutDil": 7555000000
    },
    {
      "quarter_label": "2022-Q1",
      "date": "2021-09-30",
      "symbol": "MSFT",
      "reportedCurrency": "USD",
      "cik": "0000789019",
      "filingDate": "2021-10-26",
      "acceptedDate": "2021-10-26 16:11:30",
      "fiscalYear": "2022",
      "period": "Q1",
      "revenue": 45317000000,
      "costOfRevenue": 13646000000,
      "grossProfit": 31671000000,
      "researchAndDevelopmentExpenses": 5599000000,
      "generalAndAdministrativeExpenses": 1287000000,
      "sellingAndMarketingExpenses": 4547000000,
      "sellingGeneralAndAdministrativeExpenses": 5834000000,
      "otherExpenses": 0,
      "operatingExpenses": 11433000000,
      "costAndExpenses": 25079000000,
      "netInterestIncome": -19000000,
      "interestIncome": 520000000,
      "interestExpense": 539000000,
      "depreciationAndAmortization": 3212000000,
      "ebitda": 24275000000,
      "ebit": 21063000000,
      "nonOperatingIncomeExcludingInterest": -825000000,
      "operatingIncome": 20238000000,
      "totalOtherIncomeExpensesNet": 286000000,
      "incomeBeforeTax": 20524000000,
      "incomeTaxExpense": 19000000,
      "netIncomeFromContinuingOperations": 20505000000,
      "netIncomeFromDiscontinuedOperations": 0,
      "otherAdjustmentsToNetIncome": 0,
      "netIncome": 20505000000,
      "netIncomeDeductions": 0,
      "bottomLineNetIncome": 20505000000,
      "eps": 2.73,
      "epsDiluted": 2.71,
      "weightedAverageShsOut": 7513000000,
      "weightedAverageShsOutDil": 7567000000
    },
    {
      "quarter_label": "2021-Q4",
      "date": "2021-06-30",
      "symbol": "MSFT",
      "reportedCurrency": "USD",
      "cik": "0000789019",
      "filingDate": "2021-07-29",
      "acceptedDate": "2021-07-29 16:21:55",
      "fiscalYear": "2021",
      "period": "Q4",
      "revenue": 46152000000,
      "costOfRevenue": 13991000000,
      "grossProfit": 32161000000,
      "researchAndDevelopmentExpenses": 5687000000,
      "generalAndAdministrativeExpenses": 1522000000,
      "sellingAndMarketingExpenses": 5857000000,
      "sellingGeneralAndAdministrativeExpenses": 7379000000,
      "otherExpenses": 0,
      "operatingExpenses": 13066000000,
      "costAndExpenses": 27057000000,
      "netInterestIncome": -56000000,
      "interestIncome": 497000000,
      "interestExpense": 553000000,
      "depreciationAndAmortization": 3344000000,
      "ebitda": 23302000000,
      "ebit": 19958000000,
      "nonOperatingIncomeExcludingInterest": -863000000,
      "operatingIncome": 19095000000,
      "totalOtherIncomeExpensesNet": 310000000,
      "incomeBeforeTax": 19405000000,
      "incomeTaxExpense": 2947000000,
      "netIncomeFromContinuingOperations": 16458000000,
      "netIncomeFromDiscontinuedOperations": 0,
      "otherAdjustmentsToNetIncome": 0,
      "netIncome": 16458000000,
      "netIncomeDeductions": 0,
      "bottomLineNetIncome": 16458000000,
      "eps": 2.19,
      "epsDiluted": 2.17,
      "weightedAverageShsOut": 7527000000,
      "weightedAverageShsOutDil": 7581000000
    },
    {
      "quarter_label": "2021-Q3",
      "date": "2021-03-31",
      "symbol": "MSFT",
      "reportedCurrency": "USD",
      "cik": "0000789019",
      "filingDate": "2021-04-27",
      "acceptedDate": "2021-04-27 16:09:38",
      "fiscalYear": "2021",
      "period": "Q3",
      "revenue": 41706000000,
      "costOfRevenue": 13045000000,
      "grossProfit": 28661000000,
      "researchAndDevelopmentExpenses": 5204000000,
      "generalAndAdministrativeExpenses": 1327000000,
      "sellingAndMarketingExpenses": 5082000000,
      "sellingGeneralAndAdministrativeExpenses": 6409000000,
      "otherExpenses": 0,
      "operatingExpenses": 11613000000,
      "costAndExpenses": 24658000000,
      "netInterestIncome": -114000000,
      "interestIncome": 519000000,
      "interestExpense": 633000000,
      "depreciationAndAmortization": 2936000000,
      "ebitda": 20805000000,
      "ebit": 17869000000,
      "nonOperatingIncomeExcludingInterest": -821000000,
      "operatingIncome": 17048000000,
      "totalOtherIncomeExpensesNet": 188000000,
      "incomeBeforeTax": 17236000000,
      "incomeTaxExpense": 1779000000,
      "netIncomeFromContinuingOperations": 15457000000,
      "netIncomeFromDiscontinuedOperations": 0,
      "otherAdjustmentsToNetIncome": 0,
      "netIncome": 15457000000,
      "netIncomeDeductions": 0,
      "bottomLineNetIncome": 15457000000,
      "eps": 2.05,
      "epsDiluted": 2.03,
      "weightedAverageShsOut": 7539000000,
      "weightedAverageShsOutDil": 7597000000
    },
    {
      "quarter_label": "2021-Q2",
      "date": "2020-12-31",
      "symbol": "MSFT",
      "reportedCurrency": "USD",
      "cik": "0000789019",
      "filingDate": "2021-01-26",
      "acceptedDate": "2021-01-26 16:09:34",
      "fiscalYear": "2021",
      "period": "Q2",
      "revenue": 43076000000,
      "costOfRevenue": 14194000000,
      "grossProfit": 28882000000,
      "researchAndDevelopmentExpenses": 4899000000,
      "generalAndAdministrativeExpenses": 1139000000,
      "sellingAndMarketingExpenses": 4947000000,
      "sellingGeneralAndAdministrativeExpenses": 6086000000,
      "otherExpenses": 0,
      "operatingExpenses": 10985000000,
      "costAndExpenses": 25179000000,
      "netInterestIncome": -26000000,
      "interestIncome": 545000000,
      "interestExpense": 571000000,
      "depreciationAndAmortization": 2761000000,
      "ebitda": 21669000000,
      "ebit": 18908000000,
      "nonOperatingIncomeExcludingInterest": -1011000000,
      "operatingIncome": 17897000000,
      "totalOtherIncomeExpensesNet": 440000000,
      "incomeBeforeTax": 18337000000,
      "incomeTaxExpense": 2874000000,
      "netIncomeFromContinuingOperations": 15463000000,
      "netIncomeFromDiscontinuedOperations": 0,
      "otherAdjustmentsToNetIncome": 0,
      "netIncome": 15463000000,
      "netIncomeDeductions": 0,
      "bottomLineNetIncome": 15463000000,
      "eps": 2.05,
      "epsDiluted": 2.03,
      "weightedAverageShsOut": 7555000000,
      "weightedAverageShsOutDil": 7616000000
    },
    {
      "quarter_label": "2021-Q1",
      "date": "2020-09-30",
      "symbol": "MSFT",
      "reportedCurrency": "USD",
      "cik": "0000789019",
      "filingDate": "2020-10-27",
      "acceptedDate": "2020-10-27 16:21:58",
      "fiscalYear": "2021",
      "period": "Q1",
      "revenue": 37154000000,
      "costOfRevenue": 11002000000,
      "grossProfit": 26152000000,
      "researchAndDevelopmentExpenses": 4926000000,
      "generalAndAdministrativeExpenses": 1119000000,
      "sellingAndMarketingExpenses": 4231000000,
      "sellingGeneralAndAdministrativeExpenses": 5350000000,
      "otherExpenses": 0,
      "operatingExpenses": 10276000000,
      "costAndExpenses": 21278000000,
      "netInterestIncome": -19000000,
      "interestIncome": 570000000,
      "interestExpense": 589000000,
      "depreciationAndAmortization": 2645000000,
      "ebitda": 19358000000,
      "ebit": 16713000000,
      "nonOperatingIncomeExcludingInterest": -837000000,
      "operatingIncome": 15876000000,
      "totalOtherIncomeExpensesNet": 248000000,
      "incomeBeforeTax": 16124000000,
      "incomeTaxExpense": 2231000000,
      "netIncomeFromContinuingOperations": 13893000000,
      "netIncomeFromDiscontinuedOperations": 0,
      "otherAdjustmentsToNetIncome": 0,
      "netIncome": 13893000000,
      "netIncomeDeductions": 0,
      "bottomLineNetIncome": 13893000000,
      "eps": 1.84,
      "epsDiluted": 1.82,
      "weightedAverageShsOut": 7566000000,
      "weightedAverageShsOutDil": 7637000000
    }
  ],
  "data_summary": {
    "earliest_quarter": "2021-Q1",
    "latest_quarter": "2025-Q4",
    "years_covered": 5
  }
}