{
  "ticker": "NFLX",
  "initialization_date": "2025-08-23T19:05:13.203409",
  "total_quarters": 20,
  "api_calls_made": 4,
  "quarterly_data": [
    {
      "quarter_label": "2025-Q2",
      "date": "2025-06-30",
      "symbol": "NFLX",
      "reportedCurrency": "USD",
      "cik": "0001065280",
      "filingDate": "2025-07-18",
      "acceptedDate": "2025-07-18 16:02:28",
      "fiscalYear": "2025",
      "period": "Q2",
      "revenue": 11079166000,
      "costOfRevenue": 5325311000,
      "grossProfit": 5753855000,
      "researchAndDevelopmentExpenses": 824683000,
      "generalAndAdministrativeExpenses": 441213000,
      "sellingAndMarketingExpenses": 713265000,
      "sellingGeneralAndAdministrativeExpenses": 1154478000,
      "otherExpenses": 0,
      "operatingExpenses": 1979161000,
      "costAndExpenses": 7304472000,
      "netInterestIncome": -143019000,
      "interestIncome": 39630000,
      "interestExpense": 182649000,
      "depreciationAndAmortization": 3912087000,
      "ebitda": 7726411000,
      "ebit": 3814324000,
      "nonOperatingIncomeExcludingInterest": -39630000,
      "operatingIncome": 3774694000,
      "totalOtherIncomeExpensesNet": -143019000,
      "incomeBeforeTax": 3631675000,
      "incomeTaxExpense": 506262000,
      "netIncomeFromContinuingOperations": 3125413000,
      "netIncomeFromDiscontinuedOperations": 0,
      "otherAdjustmentsToNetIncome": 0,
      "netIncome": 3125413000,
      "netIncomeDeductions": 0,
      "bottomLineNetIncome": 3125413000,
      "eps": 7.35,
      "epsDiluted": 7.19,
      "weightedAverageShsOut": 425211000,
      "weightedAverageShsOutDil": 435917000
    },
    {
      "quarter_label": "2025-Q1",
      "date": "2025-03-31",
      "symbol": "NFLX",
      "reportedCurrency": "USD",
      "cik": "0001065280",
      "filingDate": "2025-04-18",
      "acceptedDate": "2025-04-18 16:02:54",
      "fiscalYear": "2025",
      "period": "Q1",
      "revenue": 10542801000,
      "costOfRevenue": 5263147000,
      "grossProfit": 5279654000,
      "researchAndDevelopmentExpenses": 822823000,
      "generalAndAdministrativeExpenses": 421462000,
      "sellingAndMarketingExpenses": 688370000,
      "sellingGeneralAndAdministrativeExpenses": 1109832000,
      "otherExpenses": 0,
      "operatingExpenses": 1932655000,
      "costAndExpenses": 7195802000,
      "netInterestIncome": -133273000,
      "interestIncome": 50899000,
      "interestExpense": 184172000,
      "depreciationAndAmortization": 3903179000,
      "ebitda": 7301077000,
      "ebit": 3397898000,
      "nonOperatingIncomeExcludingInterest": -50899000,
      "operatingIncome": 3346999000,
      "totalOtherIncomeExpensesNet": -133273000,
      "incomeBeforeTax": 3213726000,
      "incomeTaxExpense": 323375000,
      "netIncomeFromContinuingOperations": 2890351000,
      "netIncomeFromDiscontinuedOperations": 0,
      "otherAdjustmentsToNetIncome": 0,
      "netIncome": 2890351000,
      "netIncomeDeductions": 0,
      "bottomLineNetIncome": 2890351000,
      "eps": 6.76,
      "epsDiluted": 6.61,
      "weightedAverageShsOut": 427270000,
      "weightedAverageShsOutDil": 436962000
    },
    {
      "quarter_label": "2024-Q4",
      "date": "2024-12-31",
      "symbol": "NFLX",
      "reportedCurrency": "USD",
      "cik": "0001065280",
      "filingDate": "2025-01-27",
      "acceptedDate": "2025-01-27 16:01:56",
      "fiscalYear": "2024",
      "period": "Q4",
      "revenue": 10246513000,
      "costOfRevenue": 5767364000,
      "grossProfit": 4479149000,
      "researchAndDevelopmentExpenses": 776505000,
      "generalAndAdministrativeExpenses": 453674000,
      "sellingAndMarketingExpenses": 976204000,
      "sellingGeneralAndAdministrativeExpenses": 1429878000,
      "otherExpenses": 0,
      "operatingExpenses": 2206383000,
      "costAndExpenses": 7973747000,
      "netInterestIncome": -192603000,
      "interestIncome": 0,
      "interestExpense": 192603000,
      "depreciationAndAmortization": 4241040000,
      "ebitda": 6567911000,
      "ebit": 2326871000,
      "nonOperatingIncomeExcludingInterest": -54105000,
      "operatingIncome": 2272766000,
      "totalOtherIncomeExpensesNet": -138498000,
      "incomeBeforeTax": 2134268000,
      "incomeTaxExpense": 265661000,
      "netIncomeFromContinuingOperations": 1868607000,
      "netIncomeFromDiscontinuedOperations": 0,
      "otherAdjustmentsToNetIncome": 0,
      "netIncome": 1868607000,
      "netIncomeDeductions": 0,
      "bottomLineNetIncome": 1868607000,
      "eps": 4.37,
      "epsDiluted": 4.27,
      "weightedAverageShsOut": 427716000,
      "weightedAverageShsOutDil": 437786000
    },
    {
      "quarter_label": "2024-Q3",
      "date": "2024-09-30",
      "symbol": "NFLX",
      "reportedCurrency": "USD",
      "cik": "0001065280",
      "filingDate": "2024-10-18",
      "acceptedDate": "2024-10-18 16:01:49",
      "fiscalYear": "2024",
      "period": "Q3",
      "revenue": 9824703000,
      "costOfRevenue": 5119884000,
      "grossProfit": 4704819000,
      "researchAndDevelopmentExpenses": 735063000,
      "generalAndAdministrativeExpenses": 417353000,
      "sellingAndMarketingExpenses": 642926000,
      "sellingGeneralAndAdministrativeExpenses": 1060279000,
      "otherExpenses": 0,
      "operatingExpenses": 1795342000,
      "costAndExpenses": 6915226000,
      "netInterestIncome": -206523000,
      "interestIncome": 0,
      "interestExpense": 206523000,
      "depreciationAndAmortization": 3780435000,
      "ebitda": 6689912000,
      "ebit": 2909477000,
      "nonOperatingIncomeExcludingInterest": 0,
      "operatingIncome": 2909477000,
      "totalOtherIncomeExpensesNet": -206523000,
      "incomeBeforeTax": 2702954000,
      "incomeTaxExpense": 339445000,
      "netIncomeFromContinuingOperations": 2363509000,
      "netIncomeFromDiscontinuedOperations": 0,
      "otherAdjustmentsToNetIncome": 0,
      "netIncome": 2363509000,
      "netIncomeDeductions": 0,
      "bottomLineNetIncome": 2363509000,
      "eps": 5.52,
      "epsDiluted": 5.4,
      "weightedAverageShsOut": 428239000,
      "weightedAverageShsOutDil": 437898000
    },
    {
      "quarter_label": "2024-Q2",
      "date": "2024-06-30",
      "symbol": "NFLX",
      "reportedCurrency": "USD",
      "cik": "0001065280",
      "filingDate": "2024-07-19",
      "acceptedDate": "2024-07-19 16:04:45",
      "fiscalYear": "2024",
      "period": "Q2",
      "revenue": 9559310000,
      "costOfRevenue": 5174143000,
      "grossProfit": 4385167000,
      "researchAndDevelopmentExpenses": 711254000,
      "generalAndAdministrativeExpenses": 426992000,
      "sellingAndMarketingExpenses": 644084000,
      "sellingGeneralAndAdministrativeExpenses": 1071076000,
      "otherExpenses": 0,
      "operatingExpenses": 1782330000,
      "costAndExpenses": 6956546000,
      "netInterestIncome": -88981000,
      "interestIncome": 79005000,
      "interestExpense": 167986000,
      "depreciationAndAmortization": 3850917000,
      "ebitda": 6532759000,
      "ebit": 2681842000,
      "nonOperatingIncomeExcludingInterest": -79005000,
      "operatingIncome": 2602837000,
      "totalOtherIncomeExpensesNet": -88981000,
      "incomeBeforeTax": 2513856000,
      "incomeTaxExpense": 366550000,
      "netIncomeFromContinuingOperations": 2147306000,
      "netIncomeFromDiscontinuedOperations": 0,
      "otherAdjustmentsToNetIncome": 0,
      "netIncome": 2147306000,
      "netIncomeDeductions": 0,
      "bottomLineNetIncome": 2147306000,
      "eps": 4.99,
      "epsDiluted": 4.88,
      "weightedAverageShsOut": 430065000,
      "weightedAverageShsOutDil": 439739000
    },
    {
      "quarter_label": "2024-Q1",
      "date": "2024-03-31",
      "symbol": "NFLX",
      "reportedCurrency": "USD",
      "cik": "0001065280",
      "filingDate": "2024-04-22",
      "acceptedDate": "2024-04-22 16:01:53",
      "fiscalYear": "2024",
      "period": "Q1",
      "revenue": 9381681000,
      "costOfRevenue": 4977267000,
      "grossProfit": 4404414000,
      "researchAndDevelopmentExpenses": 702473000,
      "generalAndAdministrativeExpenses": 404020000,
      "sellingAndMarketingExpenses": 654340000,
      "sellingGeneralAndAdministrativeExpenses": 1058360000,
      "otherExpenses": 0,
      "operatingExpenses": 1760833000,
      "costAndExpenses": 6738100000,
      "netInterestIncome": -17955000,
      "interestIncome": 155359000,
      "interestExpense": 173314000,
      "depreciationAndAmortization": 3758039000,
      "ebitda": 6545932000,
      "ebit": 2787893000,
      "nonOperatingIncomeExcludingInterest": -155359000,
      "operatingIncome": 2632534000,
      "totalOtherIncomeExpensesNet": -17955000,
      "incomeBeforeTax": 2614579000,
      "incomeTaxExpense": 282370000,
      "netIncomeFromContinuingOperations": 2332209000,
      "netIncomeFromDiscontinuedOperations": 0,
      "otherAdjustmentsToNetIncome": 0,
      "netIncome": 2332209000,
      "netIncomeDeductions": 0,
      "bottomLineNetIncome": 2332209000,
      "eps": 5.4,
      "epsDiluted": 5.28,
      "weightedAverageShsOut": 432090000,
      "weightedAverageShsOutDil": 441654000
    },
    {
      "quarter_label": "2023-Q4",
      "date": "2023-12-31",
      "symbol": "NFLX",
      "reportedCurrency": "USD",
      "cik": "0001065280",
      "filingDate": "2024-01-26",
      "acceptedDate": "2024-01-26 16:01:56",
      "fiscalYear": "2023",
      "period": "Q4",
      "revenue": 8832825000,
      "costOfRevenue": 5307485000,
      "grossProfit": 3525340000,
      "researchAndDevelopmentExpenses": 673341000,
      "generalAndAdministrativeExpenses": 439273000,
      "sellingAndMarketingExpenses": 916617000,
      "sellingGeneralAndAdministrativeExpenses": 1355890000,
      "otherExpenses": 0,
      "operatingExpenses": 2029231000,
      "costAndExpenses": 7336716000,
      "netInterestIncome": -175212000,
      "interestIncome": 0,
      "interestExpense": 175212000,
      "depreciationAndAmortization": 3840646000,
      "ebitda": 5212780000,
      "ebit": 1372134000,
      "nonOperatingIncomeExcludingInterest": 123975000,
      "operatingIncome": 1496109000,
      "totalOtherIncomeExpensesNet": -347959000,
      "incomeBeforeTax": 1148150000,
      "incomeTaxExpense": 210312000,
      "netIncomeFromContinuingOperations": 937838000,
      "netIncomeFromDiscontinuedOperations": 0,
      "otherAdjustmentsToNetIncome": 0,
      "netIncome": 937838000,
      "netIncomeDeductions": 0,
      "bottomLineNetIncome": 937838000,
      "eps": 2.15,
      "epsDiluted": 2.11,
      "weightedAverageShsOut": 441571000,
      "weightedAverageShsOutDil": 449498000
    },
    {
      "quarter_label": "2023-Q3",
      "date": "2023-09-30",
      "symbol": "NFLX",
      "reportedCurrency": "USD",
      "cik": "0001065280",
      "filingDate": "2023-10-20",
      "acceptedDate": "2023-10-20 16:01:48",
      "fiscalYear": "2023",
      "period": "Q3",
      "revenue": 8541668000,
      "costOfRevenue": 4930788000,
      "grossProfit": 3610880000,
      "researchAndDevelopmentExpenses": 657159000,
      "generalAndAdministrativeExpenses": 478591000,
      "sellingAndMarketingExpenses": 558736000,
      "sellingGeneralAndAdministrativeExpenses": 1037327000,
      "otherExpenses": 0,
      "operatingExpenses": 1694486000,
      "costAndExpenses": 6625274000,
      "netInterestIncome": -7345000,
      "interestIncome": 168218000,
      "interestExpense": 175563000,
      "depreciationAndAmortization": 3664013000,
      "ebitda": 5748625000,
      "ebit": 2084612000,
      "nonOperatingIncomeExcludingInterest": -168218000,
      "operatingIncome": 1916394000,
      "totalOtherIncomeExpensesNet": -7345000,
      "incomeBeforeTax": 1909049000,
      "incomeTaxExpense": 231627000,
      "netIncomeFromContinuingOperations": 1677422000,
      "netIncomeFromDiscontinuedOperations": 0,
      "otherAdjustmentsToNetIncome": 0,
      "netIncome": 1677422000,
      "netIncomeDeductions": 0,
      "bottomLineNetIncome": 1677422000,
      "eps": 3.8,
      "epsDiluted": 3.73,
      "weightedAverageShsOut": 441537000,
      "weightedAverageShsOutDil": 450011000
    },
    {
      "quarter_label": "2023-Q2",
      "date": "2023-06-30",
      "symbol": "NFLX",
      "reportedCurrency": "USD",
      "cik": "0001065280",
      "filingDate": "2023-07-21",
      "acceptedDate": "2023-07-21 16:02:00",
      "fiscalYear": "2023",
      "period": "Q2",
      "revenue": 8187301000,
      "costOfRevenue": 4673470000,
      "grossProfit": 3513831000,
      "researchAndDevelopmentExpenses": 657983000,
      "generalAndAdministrativeExpenses": 401497000,
      "sellingAndMarketingExpenses": 627168000,
      "sellingGeneralAndAdministrativeExpenses": 1028665000,
      "otherExpenses": 0,
      "operatingExpenses": 1686648000,
      "costAndExpenses": 6360118000,
      "netInterestIncome": -147851000,
      "interestIncome": 26961000,
      "interestExpense": 174812000,
      "depreciationAndAmortization": 3499406000,
      "ebitda": 5353550000,
      "ebit": 1854144000,
      "nonOperatingIncomeExcludingInterest": -26961000,
      "operatingIncome": 1827183000,
      "totalOtherIncomeExpensesNet": -147851000,
      "incomeBeforeTax": 1679332000,
      "incomeTaxExpense": 191722000,
      "netIncomeFromContinuingOperations": 1487610000,
      "netIncomeFromDiscontinuedOperations": 0,
      "otherAdjustmentsToNetIncome": 0,
      "netIncome": 1487610000,
      "netIncomeDeductions": 0,
      "bottomLineNetIncome": 1487610000,
      "eps": 3.35,
      "epsDiluted": 3.29,
      "weightedAverageShsOut": 443881000,
      "weightedAverageShsOutDil": 451572000
    },
    {
      "quarter_label": "2023-Q1",
      "date": "2023-03-31",
      "symbol": "NFLX",
      "reportedCurrency": "USD",
      "cik": "0001065280",
      "filingDate": "2023-04-21",
      "acceptedDate": "2023-04-21 16:02:01",
      "fiscalYear": "2023",
      "period": "Q1",
      "revenue": 8161503000,
      "costOfRevenue": 4803625000,
      "grossProfit": 3357878000,
      "researchAndDevelopmentExpenses": 687275000,
      "generalAndAdministrativeExpenses": 400924000,
      "sellingAndMarketingExpenses": 555362000,
      "sellingGeneralAndAdministrativeExpenses": 956286000,
      "otherExpenses": 0,
      "operatingExpenses": 1643561000,
      "costAndExpenses": 6447186000,
      "netInterestIncome": -245443000,
      "interestIncome": 0,
      "interestExpense": 245443000,
      "depreciationAndAmortization": 3550319000,
      "ebitda": 5264636000,
      "ebit": 1714317000,
      "nonOperatingIncomeExcludingInterest": 0,
      "operatingIncome": 1714317000,
      "totalOtherIncomeExpensesNet": -245443000,
      "incomeBeforeTax": 1468874000,
      "incomeTaxExpense": 163754000,
      "netIncomeFromContinuingOperations": 1305120000,
      "netIncomeFromDiscontinuedOperations": 0,
      "otherAdjustmentsToNetIncome": 0,
      "netIncome": 1305120000,
      "netIncomeDeductions": 0,
      "bottomLineNetIncome": 1305120000,
      "eps": 2.93,
      "epsDiluted": 2.88,
      "weightedAverageShsOut": 445244000,
      "weightedAverageShsOutDil": 452417000
    },
    {
      "quarter_label": "2022-Q4",
      "date": "2022-12-31",
      "symbol": "NFLX",
      "reportedCurrency": "USD",
      "cik": "0001065280",
      "filingDate": "2023-01-26",
      "acceptedDate": "2023-01-26 16:03:50",
      "fiscalYear": "2022",
      "period": "Q4",
      "revenue": 7852053000,
      "costOfRevenue": 5404160000,
      "grossProfit": 2447893000,
      "researchAndDevelopmentExpenses": 673926000,
      "generalAndAdministrativeExpenses": 392453000,
      "sellingAndMarketingExpenses": 831610000,
      "sellingGeneralAndAdministrativeExpenses": 1224063000,
      "otherExpenses": 0,
      "operatingExpenses": 1897989000,
      "costAndExpenses": 7302149000,
      "netInterestIncome": -170603000,
      "interestIncome": 0,
      "interestExpense": 170603000,
      "depreciationAndAmortization": 4038214000,
      "ebitda": 4248153000,
      "ebit": 209939000,
      "nonOperatingIncomeExcludingInterest": 339965000,
      "operatingIncome": 549904000,
      "totalOtherIncomeExpensesNet": -510568000,
      "incomeBeforeTax": 39336000,
      "incomeTaxExpense": -15948000,
      "netIncomeFromContinuingOperations": 55284000,
      "netIncomeFromDiscontinuedOperations": 0,
      "otherAdjustmentsToNetIncome": 0,
      "netIncome": 55284000,
      "netIncomeDeductions": 0,
      "bottomLineNetIncome": 55284000,
      "eps": 0.12,
      "epsDiluted": 0.12,
      "weightedAverageShsOut": 445200000,
      "weightedAverageShsOutDil": 451649000
    },
    {
      "quarter_label": "2022-Q3",
      "date": "2022-09-30",
      "symbol": "NFLX",
      "reportedCurrency": "USD",
      "cik": "0001065280",
      "filingDate": "2022-10-20",
      "acceptedDate": "2022-10-20 16:04:17",
      "fiscalYear": "2022",
      "period": "Q3",
      "revenue": 7925589000,
      "costOfRevenue": 4788665000,
      "grossProfit": 3136924000,
      "researchAndDevelopmentExpenses": 662739000,
      "generalAndAdministrativeExpenses": 373213000,
      "sellingAndMarketingExpenses": 567954000,
      "sellingGeneralAndAdministrativeExpenses": 941167000,
      "otherExpenses": 0,
      "operatingExpenses": 1603906000,
      "costAndExpenses": 6392571000,
      "netInterestIncome": 88829000,
      "interestIncome": 261404000,
      "interestExpense": 172575000,
      "depreciationAndAmortization": 3738780000,
      "ebitda": 5533202000,
      "ebit": 1794422000,
      "nonOperatingIncomeExcludingInterest": -261404000,
      "operatingIncome": 1533018000,
      "totalOtherIncomeExpensesNet": 88829000,
      "incomeBeforeTax": 1621847000,
      "incomeTaxExpense": 223605000,
      "netIncomeFromContinuingOperations": 1398242000,
      "netIncomeFromDiscontinuedOperations": 0,
      "otherAdjustmentsToNetIncome": 0,
      "netIncome": 1398242000,
      "netIncomeDeductions": 0,
      "bottomLineNetIncome": 1398242000,
      "eps": 3.14,
      "epsDiluted": 3.1,
      "weightedAverageShsOut": 444878000,
      "weightedAverageShsOutDil": 450344000
    },
    {
      "quarter_label": "2022-Q2",
      "date": "2022-06-30",
      "symbol": "NFLX",
      "reportedCurrency": "USD",
      "cik": "0001065280",
      "filingDate": "2022-07-21",
      "acceptedDate": "2022-07-21 16:02:17",
      "fiscalYear": "2022",
      "period": "Q2",
      "revenue": 7970141000,
      "costOfRevenue": 4690755000,
      "grossProfit": 3279386000,
      "researchAndDevelopmentExpenses": 716846000,
      "generalAndAdministrativeExpenses": 409297000,
      "sellingAndMarketingExpenses": 574960000,
      "sellingGeneralAndAdministrativeExpenses": 984257000,
      "otherExpenses": 0,
      "operatingExpenses": 1701103000,
      "costAndExpenses": 6391858000,
      "netInterestIncome": 44771000,
      "interestIncome": 220226000,
      "interestExpense": 175455000,
      "depreciationAndAmortization": 3344853000,
      "ebitda": 5143362000,
      "ebit": 1798509000,
      "nonOperatingIncomeExcludingInterest": -220226000,
      "operatingIncome": 1578283000,
      "totalOtherIncomeExpensesNet": 44771000,
      "incomeBeforeTax": 1623054000,
      "incomeTaxExpense": 182103000,
      "netIncomeFromContinuingOperations": 1440951000,
      "netIncomeFromDiscontinuedOperations": 0,
      "otherAdjustmentsToNetIncome": 0,
      "netIncome": 1440951000,
      "netIncomeDeductions": 0,
      "bottomLineNetIncome": 1440951000,
      "eps": 3.24,
      "epsDiluted": 3.2,
      "weightedAverageShsOut": 444557000,
      "weightedAverageShsOutDil": 450169000
    },
    {
      "quarter_label": "2022-Q1",
      "date": "2022-03-31",
      "symbol": "NFLX",
      "reportedCurrency": "USD",
      "cik": "0001065280",
      "filingDate": "2022-04-21",
      "acceptedDate": "2022-04-21 16:03:01",
      "fiscalYear": "2022",
      "period": "Q1",
      "revenue": 7867767000,
      "costOfRevenue": 4284705000,
      "grossProfit": 3583062000,
      "researchAndDevelopmentExpenses": 657530000,
      "generalAndAdministrativeExpenses": 397928000,
      "sellingAndMarketingExpenses": 555978000,
      "sellingGeneralAndAdministrativeExpenses": 953906000,
      "otherExpenses": 0,
      "operatingExpenses": 1611436000,
      "costAndExpenses": 5896141000,
      "netInterestIncome": 8066000,
      "interestIncome": 195645000,
      "interestExpense": 187579000,
      "depreciationAndAmortization": 3240967000,
      "ebitda": 5408238000,
      "ebit": 2167271000,
      "nonOperatingIncomeExcludingInterest": -195645000,
      "operatingIncome": 1971626000,
      "totalOtherIncomeExpensesNet": 8066000,
      "incomeBeforeTax": 1979692000,
      "incomeTaxExpense": 382245000,
      "netIncomeFromContinuingOperations": 1597447000,
      "netIncomeFromDiscontinuedOperations": 0,
      "otherAdjustmentsToNetIncome": 0,
      "netIncome": 1597447000,
      "netIncomeDeductions": 0,
      "bottomLineNetIncome": 1597447000,
      "eps": 3.6,
      "epsDiluted": 3.53,
      "weightedAverageShsOut": 444146000,
      "weightedAverageShsOutDil": 452984000
    },
    {
      "quarter_label": "2021-Q4",
      "date": "2021-12-31",
      "symbol": "NFLX",
      "reportedCurrency": "USD",
      "cik": "0001065280",
      "filingDate": "2022-01-27",
      "acceptedDate": "2022-01-27 17:03:33",
      "fiscalYear": "2021",
      "period": "Q4",
      "revenue": 7709318000,
      "costOfRevenue": 5239575000,
      "grossProfit": 2469743000,
      "researchAndDevelopmentExpenses": 647470000,
      "generalAndAdministrativeExpenses": 397790000,
      "sellingAndMarketingExpenses": 792713000,
      "sellingGeneralAndAdministrativeExpenses": 1190503000,
      "otherExpenses": 0,
      "operatingExpenses": 1837973000,
      "costAndExpenses": 7077548000,
      "netInterestIncome": -80917000,
      "interestIncome": 108512000,
      "interestExpense": 189429000,
      "depreciationAndAmortization": 3805301000,
      "ebitda": 4545583000,
      "ebit": 740282000,
      "nonOperatingIncomeExcludingInterest": -108512000,
      "operatingIncome": 631770000,
      "totalOtherIncomeExpensesNet": -80917000,
      "incomeBeforeTax": 550853000,
      "incomeTaxExpense": -56576000,
      "netIncomeFromContinuingOperations": 607429000,
      "netIncomeFromDiscontinuedOperations": 0,
      "otherAdjustmentsToNetIncome": 0,
      "netIncome": 607429000,
      "netIncomeDeductions": 0,
      "bottomLineNetIncome": 607429000,
      "eps": 1.37,
      "epsDiluted": 1.33,
      "weightedAverageShsOut": 443462000,
      "weightedAverageShsOutDil": 455795000
    },
    {
      "quarter_label": "2021-Q3",
      "date": "2021-09-30",
      "symbol": "NFLX",
      "reportedCurrency": "USD",
      "cik": "0001065280",
      "filingDate": "2021-10-21",
      "acceptedDate": "2021-10-21 16:02:00",
      "fiscalYear": "2021",
      "period": "Q3",
      "revenue": 7483467000,
      "costOfRevenue": 4206589000,
      "grossProfit": 3276878000,
      "researchAndDevelopmentExpenses": 563887000,
      "generalAndAdministrativeExpenses": 321790000,
      "sellingAndMarketingExpenses": 635948000,
      "sellingGeneralAndAdministrativeExpenses": 957738000,
      "otherExpenses": 0,
      "operatingExpenses": 1521625000,
      "costAndExpenses": 5728214000,
      "netInterestIncome": -94294000,
      "interestIncome": 96135000,
      "interestExpense": 190429000,
      "depreciationAndAmortization": 3033304000,
      "ebitda": 4884692000,
      "ebit": 1851388000,
      "nonOperatingIncomeExcludingInterest": -96135000,
      "operatingIncome": 1755253000,
      "totalOtherIncomeExpensesNet": -94294000,
      "incomeBeforeTax": 1660959000,
      "incomeTaxExpense": 211888000,
      "netIncomeFromContinuingOperations": 1449071000,
      "netIncomeFromDiscontinuedOperations": 0,
      "otherAdjustmentsToNetIncome": 0,
      "netIncome": 1449071000,
      "netIncomeDeductions": 0,
      "bottomLineNetIncome": 1449071000,
      "eps": 3.27,
      "epsDiluted": 3.19,
      "weightedAverageShsOut": 442778000,
      "weightedAverageShsOutDil": 454925000
    },
    {
      "quarter_label": "2021-Q2",
      "date": "2021-06-30",
      "symbol": "NFLX",
      "reportedCurrency": "USD",
      "cik": "0001065280",
      "filingDate": "2021-07-22",
      "acceptedDate": "2021-07-22 16:02:47",
      "fiscalYear": "2021",
      "period": "Q2",
      "revenue": 7341777000,
      "costOfRevenue": 4018008000,
      "grossProfit": 3323769000,
      "researchAndDevelopmentExpenses": 537321000,
      "generalAndAdministrativeExpenses": 334845000,
      "sellingAndMarketingExpenses": 603973000,
      "sellingGeneralAndAdministrativeExpenses": 938818000,
      "otherExpenses": 0,
      "operatingExpenses": 1476139000,
      "costAndExpenses": 5494147000,
      "netInterestIncome": -253841000,
      "interestIncome": 0,
      "interestExpense": 253841000,
      "depreciationAndAmortization": 2845237000,
      "ebitda": 4692867000,
      "ebit": 1847630000,
      "nonOperatingIncomeExcludingInterest": 0,
      "operatingIncome": 1847630000,
      "totalOtherIncomeExpensesNet": -253841000,
      "incomeBeforeTax": 1593789000,
      "incomeTaxExpense": 240776000,
      "netIncomeFromContinuingOperations": 1353013000,
      "netIncomeFromDiscontinuedOperations": 0,
      "otherAdjustmentsToNetIncome": 0,
      "netIncome": 1353013000,
      "netIncomeDeductions": 0,
      "bottomLineNetIncome": 1353013000,
      "eps": 3.05,
      "epsDiluted": 2.97,
      "weightedAverageShsOut": 443159000,
      "weightedAverageShsOutDil": 455129000
    },
    {
      "quarter_label": "2021-Q1",
      "date": "2021-03-31",
      "symbol": "NFLX",
      "reportedCurrency": "USD",
      "cik": "0001065280",
      "filingDate": "2021-04-22",
      "acceptedDate": "2021-04-22 16:02:41",
      "fiscalYear": "2021",
      "period": "Q1",
      "revenue": 7163282000,
      "costOfRevenue": 3868511000,
      "grossProfit": 3294771000,
      "researchAndDevelopmentExpenses": 525207000,
      "generalAndAdministrativeExpenses": 297196000,
      "sellingAndMarketingExpenses": 512512000,
      "sellingGeneralAndAdministrativeExpenses": 809708000,
      "otherExpenses": 0,
      "operatingExpenses": 1334915000,
      "costAndExpenses": 5203426000,
      "netInterestIncome": 74646000,
      "interestIncome": 269086000,
      "interestExpense": 194440000,
      "depreciationAndAmortization": 2754937000,
      "ebitda": 4983879000,
      "ebit": 2228942000,
      "nonOperatingIncomeExcludingInterest": -269086000,
      "operatingIncome": 1959856000,
      "totalOtherIncomeExpensesNet": 74646000,
      "incomeBeforeTax": 2034502000,
      "incomeTaxExpense": 327787000,
      "netIncomeFromContinuingOperations": 1706715000,
      "netIncomeFromDiscontinuedOperations": 0,
      "otherAdjustmentsToNetIncome": 0,
      "netIncome": 1706715000,
      "netIncomeDeductions": 0,
      "bottomLineNetIncome": 1706715000,
      "eps": 3.85,
      "epsDiluted": 3.75,
      "weightedAverageShsOut": 443224000,
      "weightedAverageShsOutDil": 455641000
    },
    {
      "quarter_label": "2020-Q4",
      "date": "2020-12-31",
      "symbol": "NFLX",
      "reportedCurrency": "USD",
      "cik": "0001065280",
      "filingDate": "2021-01-28",
      "acceptedDate": "2021-01-28 16:21:59",
      "fiscalYear": "2020",
      "period": "Q4",
      "revenue": 6644442000,
      "costOfRevenue": 4165160000,
      "grossProfit": 2479282000,
      "researchAndDevelopmentExpenses": 486936000,
      "generalAndAdministrativeExpenses": 275539000,
      "sellingAndMarketingExpenses": 762565000,
      "sellingGeneralAndAdministrativeExpenses": 1038104000,
      "otherExpenses": 0,
      "operatingExpenses": 1525040000,
      "costAndExpenses": 5690200000,
      "netInterestIncome": -447825000,
      "interestIncome": 0,
      "interestExpense": 447825000,
      "depreciationAndAmortization": 3014568000,
      "ebitda": 3968810000,
      "ebit": 954242000,
      "nonOperatingIncomeExcludingInterest": 0,
      "operatingIncome": 954242000,
      "totalOtherIncomeExpensesNet": -447825000,
      "incomeBeforeTax": 506417000,
      "incomeTaxExpense": -35739000,
      "netIncomeFromContinuingOperations": 542156000,
      "netIncomeFromDiscontinuedOperations": 0,
      "otherAdjustmentsToNetIncome": 0,
      "netIncome": 542156000,
      "netIncomeDeductions": 0,
      "bottomLineNetIncome": 542156000,
      "eps": 1.23,
      "epsDiluted": 1.19,
      "weightedAverageShsOut": 442220000,
      "weightedAverageShsOutDil": 455283000
    },
    {
      "quarter_label": "2020-Q3",
      "date": "2020-09-30",
      "symbol": "NFLX",
      "reportedCurrency": "USD",
      "cik": "0001065280",
      "filingDate": "2020-10-22",
      "acceptedDate": "2020-10-22 16:02:00",
      "fiscalYear": "2020",
      "period": "Q3",
      "revenue": 6435637000,
      "costOfRevenue": 3867751000,
      "grossProfit": 2567886000,
      "researchAndDevelopmentExpenses": 453802000,
      "generalAndAdministrativeExpenses": 271624000,
      "sellingAndMarketingExpenses": 527597000,
      "sellingGeneralAndAdministrativeExpenses": 799221000,
      "otherExpenses": 0,
      "operatingExpenses": 1253023000,
      "costAndExpenses": 5120774000,
      "netInterestIncome": -453403000,
      "interestIncome": 0,
      "interestExpense": 453403000,
      "depreciationAndAmortization": 2762332000,
      "ebitda": 4077195000,
      "ebit": 1314863000,
      "nonOperatingIncomeExcludingInterest": 0,
      "operatingIncome": 1314863000,
      "totalOtherIncomeExpensesNet": -453403000,
      "incomeBeforeTax": 861460000,
      "incomeTaxExpense": 71484000,
      "netIncomeFromContinuingOperations": 789976000,
      "netIncomeFromDiscontinuedOperations": 0,
      "otherAdjustmentsToNetIncome": 0,
      "netIncome": 789976000,
      "netIncomeDeductions": 0,
      "bottomLineNetIncome": 789976000,
      "eps": 1.79,
      "epsDiluted": 1.74,
      "weightedAverageShsOut": 441526000,
      "weightedAverageShsOutDil": 455088000
    }
  ],
  "data_summary": {
    "earliest_quarter": "2020-Q3",
    "latest_quarter": "2025-Q2",
    "years_covered": 6
  }
}