{
  "ticker": "RKT",
  "initialization_date": "2025-08-23T19:06:16.261111",
  "total_quarters": 20,
  "api_calls_made": 4,
  "quarterly_data": [
    {
      "quarter_label": "2025-Q2",
      "date": "2025-06-30",
      "symbol": "RKT",
      "reportedCurrency": "USD",
      "cik": "0001805284",
      "filingDate": "2025-07-31",
      "acceptedDate": "2025-07-31 17:17:07",
      "fiscalYear": "2025",
      "period": "Q2",
      "revenue": 1306490000,
      "costOfRevenue": 27526000,
      "grossProfit": 1278964000,
      "researchAndDevelopmentExpenses": 0,
      "generalAndAdministrativeExpenses": 322187000,
      "sellingAndMarketingExpenses": 276050000,
      "sellingGeneralAndAdministrativeExpenses": 46137000,
      "otherExpenses": 1059968000,
      "operatingExpenses": 1106105000,
      "costAndExpenses": 1133631000,
      "netInterestIncome": -148597000,
      "interestIncome": -92090000,
      "interestExpense": 148597000,
      "depreciationAndAmortization": 27526000,
      "ebitda": 200385000,
      "ebit": 172859000,
      "nonOperatingIncomeExcludingInterest": 0,
      "operatingIncome": 172859000,
      "totalOtherIncomeExpensesNet": 0,
      "incomeBeforeTax": 24262000,
      "incomeTaxExpense": -9827000,
      "netIncomeFromContinuingOperations": 34089000,
      "netIncomeFromDiscontinuedOperations": 0,
      "otherAdjustmentsToNetIncome": 0,
      "netIncome": -1785000,
      "netIncomeDeductions": 0,
      "bottomLineNetIncome": -1785000,
      "eps": -0.0104,
      "epsDiluted": -0.01,
      "weightedAverageShsOut": 159643000,
      "weightedAverageShsOutDil": 159643228000
    },
    {
      "quarter_label": "2025-Q1",
      "date": "2025-03-31",
      "symbol": "RKT",
      "reportedCurrency": "USD",
      "cik": "0001805284",
      "filingDate": "2025-05-09",
      "acceptedDate": "2025-05-09 16:10:52",
      "fiscalYear": "2025",
      "period": "Q1",
      "revenue": 1101303000,
      "costOfRevenue": 102326000,
      "grossProfit": 998977000,
      "researchAndDevelopmentExpenses": 0,
      "generalAndAdministrativeExpenses": 260815000,
      "sellingAndMarketingExpenses": 275623000,
      "sellingGeneralAndAdministrativeExpenses": 536438000,
      "otherExpenses": 685642000,
      "operatingExpenses": 1222080000,
      "costAndExpenses": 1324406000,
      "netInterestIncome": -10236000,
      "interestIncome": 92090000,
      "interestExpense": 102326000,
      "depreciationAndAmortization": 26910000,
      "ebitda": -196193000,
      "ebit": -223103000,
      "nonOperatingIncomeExcludingInterest": 0,
      "operatingIncome": -223103000,
      "totalOtherIncomeExpensesNet": 0,
      "incomeBeforeTax": -223103000,
      "incomeTaxExpense": -10657000,
      "netIncomeFromContinuingOperations": -212446000,
      "netIncomeFromDiscontinuedOperations": 0,
      "otherAdjustmentsToNetIncome": 0,
      "netIncome": -10383000,
      "netIncomeDeductions": 157529000,
      "bottomLineNetIncome": -167912000,
      "eps": -0.0703,
      "epsDiluted": -0.0839,
      "weightedAverageShsOut": 147717000,
      "weightedAverageShsOutDil": 2001936000
    },
    {
      "quarter_label": "2024-Q4",
      "date": "2024-12-31",
      "symbol": "RKT",
      "reportedCurrency": "USD",
      "cik": "0001805284",
      "filingDate": "2025-03-03",
      "acceptedDate": "2025-03-03 16:42:30",
      "fiscalYear": "2024",
      "period": "Q4",
      "revenue": 1835449000,
      "costOfRevenue": 119325000,
      "grossProfit": 1716124000,
      "researchAndDevelopmentExpenses": 0,
      "generalAndAdministrativeExpenses": 761666000,
      "sellingAndMarketingExpenses": 206281000,
      "sellingGeneralAndAdministrativeExpenses": 967947000,
      "otherExpenses": 73218000,
      "operatingExpenses": 1041165000,
      "costAndExpenses": 1160490000,
      "netInterestIncome": -16127000,
      "interestIncome": 103198000,
      "interestExpense": 119325000,
      "depreciationAndAmortization": 29284000,
      "ebitda": 704243000,
      "ebit": 674959000,
      "nonOperatingIncomeExcludingInterest": 0,
      "operatingIncome": 674959000,
      "totalOtherIncomeExpensesNet": 0,
      "incomeBeforeTax": 674959000,
      "incomeTaxExpense": 26346000,
      "netIncomeFromContinuingOperations": 648613000,
      "netIncomeFromDiscontinuedOperations": 0,
      "otherAdjustmentsToNetIncome": 0,
      "netIncome": 33871000,
      "netIncomeDeductions": 0,
      "bottomLineNetIncome": 33871000,
      "eps": 0.23,
      "epsDiluted": 0.23,
      "weightedAverageShsOut": 145686000,
      "weightedAverageShsOutDil": 145686000
    },
    {
      "quarter_label": "2024-Q3",
      "date": "2024-09-30",
      "symbol": "RKT",
      "reportedCurrency": "USD",
      "cik": "0001805284",
      "filingDate": "2024-11-12",
      "acceptedDate": "2024-11-12 16:29:55",
      "fiscalYear": "2024",
      "period": "Q3",
      "revenue": 748768000,
      "costOfRevenue": 140440000,
      "grossProfit": 608328000,
      "researchAndDevelopmentExpenses": 0,
      "generalAndAdministrativeExpenses": 828600000,
      "sellingAndMarketingExpenses": 200528000,
      "sellingGeneralAndAdministrativeExpenses": 1029128000,
      "otherExpenses": 76519000,
      "operatingExpenses": 1105647000,
      "costAndExpenses": 1246087000,
      "netInterestIncome": -31874000,
      "interestIncome": 108566000,
      "interestExpense": 140440000,
      "depreciationAndAmortization": 28607000,
      "ebitda": -468712000,
      "ebit": -497319000,
      "nonOperatingIncomeExcludingInterest": 0,
      "operatingIncome": -497319000,
      "totalOtherIncomeExpensesNet": 0,
      "incomeBeforeTax": -497319000,
      "incomeTaxExpense": -15895000,
      "netIncomeFromContinuingOperations": -481424000,
      "netIncomeFromDiscontinuedOperations": 0,
      "otherAdjustmentsToNetIncome": 0,
      "netIncome": -22011000,
      "netIncomeDeductions": 352497000,
      "bottomLineNetIncome": -374508000,
      "eps": -0.16,
      "epsDiluted": -0.19,
      "weightedAverageShsOut": 141763000,
      "weightedAverageShsOutDil": 2003297000
    },
    {
      "quarter_label": "2024-Q2",
      "date": "2024-06-30",
      "symbol": "RKT",
      "reportedCurrency": "USD",
      "cik": "0001805284",
      "filingDate": "2024-08-06",
      "acceptedDate": "2024-08-06 16:39:47",
      "fiscalYear": "2024",
      "period": "Q2",
      "revenue": 1382015000,
      "costOfRevenue": 119657000,
      "grossProfit": 1262358000,
      "researchAndDevelopmentExpenses": 0,
      "generalAndAdministrativeExpenses": 786372000,
      "sellingAndMarketingExpenses": 210937000,
      "sellingGeneralAndAdministrativeExpenses": 997309000,
      "otherExpenses": 73007000,
      "operatingExpenses": 1070316000,
      "costAndExpenses": 1189973000,
      "netInterestIncome": -7242000,
      "interestIncome": 112415000,
      "interestExpense": 119657000,
      "depreciationAndAmortization": 28009000,
      "ebitda": 220051000,
      "ebit": 192042000,
      "nonOperatingIncomeExcludingInterest": 0,
      "operatingIncome": 192042000,
      "totalOtherIncomeExpensesNet": 0,
      "incomeBeforeTax": 192042000,
      "incomeTaxExpense": 14117000,
      "netIncomeFromContinuingOperations": 177925000,
      "netIncomeFromDiscontinuedOperations": 0,
      "otherAdjustmentsToNetIncome": 0,
      "netIncome": 1295000,
      "netIncomeDeductions": 0,
      "bottomLineNetIncome": 1295000,
      "eps": 0.01,
      "epsDiluted": 0.01,
      "weightedAverageShsOut": 139647845,
      "weightedAverageShsOutDil": 139647845
    },
    {
      "quarter_label": "2024-Q1",
      "date": "2024-03-31",
      "symbol": "RKT",
      "reportedCurrency": "USD",
      "cik": "0001805284",
      "filingDate": "2024-05-07",
      "acceptedDate": "2024-05-07 17:10:49",
      "fiscalYear": "2024",
      "period": "Q1",
      "revenue": 1435159000,
      "costOfRevenue": 89808000,
      "grossProfit": 1345351000,
      "researchAndDevelopmentExpenses": 0,
      "generalAndAdministrativeExpenses": 777761000,
      "sellingAndMarketingExpenses": 206296000,
      "sellingGeneralAndAdministrativeExpenses": 984057000,
      "otherExpenses": 62924000,
      "operatingExpenses": 1046981000,
      "costAndExpenses": 1136789000,
      "netInterestIncome": -828000,
      "interestIncome": 88980000,
      "interestExpense": 89808000,
      "depreciationAndAmortization": 27017000,
      "ebitda": 325387000,
      "ebit": 298370000,
      "nonOperatingIncomeExcludingInterest": 0,
      "operatingIncome": 298370000,
      "totalOtherIncomeExpensesNet": 0,
      "incomeBeforeTax": 298370000,
      "incomeTaxExpense": 7656000,
      "netIncomeFromContinuingOperations": 290714000,
      "netIncomeFromDiscontinuedOperations": 0,
      "otherAdjustmentsToNetIncome": 0,
      "netIncome": 16215000,
      "netIncomeDeductions": 0,
      "bottomLineNetIncome": 226102000,
      "eps": 0.12,
      "epsDiluted": 0.11,
      "weightedAverageShsOut": 136991743,
      "weightedAverageShsOutDil": 1991982680
    },
    {
      "quarter_label": "2023-Q4",
      "date": "2023-12-31",
      "symbol": "RKT",
      "reportedCurrency": "USD",
      "cik": "0001805284",
      "filingDate": "2024-02-27",
      "acceptedDate": "2024-02-27 17:03:37",
      "fiscalYear": "2023",
      "period": "Q4",
      "revenue": 771338000,
      "costOfRevenue": 115897000,
      "grossProfit": 655441000,
      "researchAndDevelopmentExpenses": 0,
      "generalAndAdministrativeExpenses": 692444000,
      "sellingAndMarketingExpenses": 142823000,
      "sellingGeneralAndAdministrativeExpenses": 835267000,
      "otherExpenses": 63079000,
      "operatingExpenses": 898346000,
      "costAndExpenses": 1014243000,
      "netInterestIncome": -29818000,
      "interestIncome": 86079000,
      "interestExpense": 115897000,
      "depreciationAndAmortization": 26593000,
      "ebitda": -216312000,
      "ebit": -242905000,
      "nonOperatingIncomeExcludingInterest": 0,
      "operatingIncome": -242905000,
      "totalOtherIncomeExpensesNet": 0,
      "incomeBeforeTax": -242905000,
      "incomeTaxExpense": -10211000,
      "netIncomeFromContinuingOperations": -232694000,
      "netIncomeFromDiscontinuedOperations": 0,
      "otherAdjustmentsToNetIncome": 0,
      "netIncome": -10635000,
      "netIncomeDeductions": 0,
      "bottomLineNetIncome": -178507000,
      "eps": -0.0796,
      "epsDiluted": -0.0054,
      "weightedAverageShsOut": 133597434,
      "weightedAverageShsOutDil": 1987457044
    },
    {
      "quarter_label": "2023-Q3",
      "date": "2023-09-30",
      "symbol": "RKT",
      "reportedCurrency": "USD",
      "cik": "0001805284",
      "filingDate": "2023-11-09",
      "acceptedDate": "2023-11-09 16:56:23",
      "fiscalYear": "2023",
      "period": "Q3",
      "revenue": 1270227000,
      "costOfRevenue": 105413000,
      "grossProfit": 1164814000,
      "researchAndDevelopmentExpenses": 0,
      "generalAndAdministrativeExpenses": 788983000,
      "sellingAndMarketingExpenses": 193406000,
      "sellingGeneralAndAdministrativeExpenses": 982389000,
      "otherExpenses": 64800000,
      "operatingExpenses": 1047189000,
      "costAndExpenses": 1152602000,
      "netInterestIncome": -11545000,
      "interestIncome": 93868000,
      "interestExpense": 105413000,
      "depreciationAndAmortization": 27636000,
      "ebitda": 145261000,
      "ebit": 117625000,
      "nonOperatingIncomeExcludingInterest": 0,
      "operatingIncome": 117625000,
      "totalOtherIncomeExpensesNet": 0,
      "incomeBeforeTax": 117625000,
      "incomeTaxExpense": 2680000,
      "netIncomeFromContinuingOperations": 114945000,
      "netIncomeFromDiscontinuedOperations": 0,
      "otherAdjustmentsToNetIncome": 0,
      "netIncome": 6206000,
      "netIncomeDeductions": 0,
      "bottomLineNetIncome": 89046000,
      "eps": 0.048,
      "epsDiluted": 0.0449,
      "weightedAverageShsOut": 129390501,
      "weightedAverageShsOutDil": 1983992350
    },
    {
      "quarter_label": "2023-Q2",
      "date": "2023-06-30",
      "symbol": "RKT",
      "reportedCurrency": "USD",
      "cik": "0001805284",
      "filingDate": "2023-08-09",
      "acceptedDate": "2023-08-09 16:37:08",
      "fiscalYear": "2023",
      "period": "Q2",
      "revenue": 1295739000,
      "costOfRevenue": 97846000,
      "grossProfit": 1197893000,
      "researchAndDevelopmentExpenses": 0,
      "generalAndAdministrativeExpenses": 779564000,
      "sellingAndMarketingExpenses": 218843000,
      "sellingGeneralAndAdministrativeExpenses": 998407000,
      "otherExpenses": 61116000,
      "operatingExpenses": 1059523000,
      "costAndExpenses": 1157369000,
      "netInterestIncome": -17089000,
      "interestIncome": 80757000,
      "interestExpense": 97846000,
      "depreciationAndAmortization": 25357000,
      "ebitda": 163727000,
      "ebit": 138370000,
      "nonOperatingIncomeExcludingInterest": 0,
      "operatingIncome": 138370000,
      "totalOtherIncomeExpensesNet": 0,
      "incomeBeforeTax": 138370000,
      "incomeTaxExpense": -782000,
      "netIncomeFromContinuingOperations": 139152000,
      "netIncomeFromDiscontinuedOperations": 0,
      "otherAdjustmentsToNetIncome": 0,
      "netIncome": 7438000,
      "netIncomeDeductions": 0,
      "bottomLineNetIncome": 105135000,
      "eps": 0.0587,
      "epsDiluted": 0.0531,
      "weightedAverageShsOut": 126740748,
      "weightedAverageShsOutDil": 1979450651
    },
    {
      "quarter_label": "2023-Q1",
      "date": "2023-03-31",
      "symbol": "RKT",
      "reportedCurrency": "USD",
      "cik": "0001805284",
      "filingDate": "2023-05-10",
      "acceptedDate": "2023-05-10 16:43:45",
      "fiscalYear": "2023",
      "period": "Q1",
      "revenue": 701180000,
      "costOfRevenue": 73445000,
      "grossProfit": 627735000,
      "researchAndDevelopmentExpenses": 0,
      "generalAndAdministrativeExpenses": 799165000,
      "sellingAndMarketingExpenses": 181604000,
      "sellingGeneralAndAdministrativeExpenses": 980769000,
      "otherExpenses": 62953000,
      "operatingExpenses": 1043722000,
      "costAndExpenses": 1117167000,
      "netInterestIncome": -6701000,
      "interestIncome": 66744000,
      "interestExpense": 73445000,
      "depreciationAndAmortization": 30685000,
      "ebitda": -385302000,
      "ebit": -415987000,
      "nonOperatingIncomeExcludingInterest": 0,
      "operatingIncome": -415987000,
      "totalOtherIncomeExpensesNet": 0,
      "incomeBeforeTax": -415987000,
      "incomeTaxExpense": -4504000,
      "netIncomeFromContinuingOperations": -411483000,
      "netIncomeFromDiscontinuedOperations": 0,
      "otherAdjustmentsToNetIncome": 0,
      "netIncome": -18523000,
      "netIncomeDeductions": 0,
      "bottomLineNetIncome": -314453000,
      "eps": -3.3,
      "epsDiluted": -0.21,
      "weightedAverageShsOut": 124732722,
      "weightedAverageShsOutDil": 1974629808
    },
    {
      "quarter_label": "2022-Q4",
      "date": "2022-12-31",
      "symbol": "RKT",
      "reportedCurrency": "USD",
      "cik": "0001805284",
      "filingDate": "2023-03-01",
      "acceptedDate": "2023-03-01 16:45:42",
      "fiscalYear": "2022",
      "period": "Q4",
      "revenue": 516604000,
      "costOfRevenue": 74145000,
      "grossProfit": 442459000,
      "researchAndDevelopmentExpenses": 0,
      "generalAndAdministrativeExpenses": 715366000,
      "sellingAndMarketingExpenses": 175413000,
      "sellingGeneralAndAdministrativeExpenses": 890779000,
      "otherExpenses": 57098000,
      "operatingExpenses": 947877000,
      "costAndExpenses": 1022022000,
      "netInterestIncome": 10956000,
      "interestIncome": 85101000,
      "interestExpense": 74145000,
      "depreciationAndAmortization": 23987000,
      "ebitda": -481431000,
      "ebit": -505418000,
      "nonOperatingIncomeExcludingInterest": 0,
      "operatingIncome": -505418000,
      "totalOtherIncomeExpensesNet": 0,
      "incomeBeforeTax": -505418000,
      "incomeTaxExpense": -12763000,
      "netIncomeFromContinuingOperations": -492655000,
      "netIncomeFromDiscontinuedOperations": 0,
      "otherAdjustmentsToNetIncome": 0,
      "netIncome": -17616000,
      "netIncomeDeductions": 0,
      "bottomLineNetIncome": -381975000,
      "eps": -4.05,
      "epsDiluted": -4.05,
      "weightedAverageShsOut": 121751798,
      "weightedAverageShsOutDil": 121751798
    },
    {
      "quarter_label": "2022-Q3",
      "date": "2022-09-30",
      "symbol": "RKT",
      "reportedCurrency": "USD",
      "cik": "0001805284",
      "filingDate": "2022-11-09",
      "acceptedDate": "2022-11-09 16:28:57",
      "fiscalYear": "2022",
      "period": "Q3",
      "revenue": 1340859000,
      "costOfRevenue": 84490000,
      "grossProfit": 1256369000,
      "researchAndDevelopmentExpenses": 0,
      "generalAndAdministrativeExpenses": 875094000,
      "sellingAndMarketingExpenses": 210701000,
      "sellingGeneralAndAdministrativeExpenses": 1085795000,
      "otherExpenses": 64219000,
      "operatingExpenses": 1150014000,
      "costAndExpenses": 1234504000,
      "netInterestIncome": 11263000,
      "interestIncome": 95753000,
      "interestExpense": 84490000,
      "depreciationAndAmortization": 24211000,
      "ebitda": 130566000,
      "ebit": 106355000,
      "nonOperatingIncomeExcludingInterest": 0,
      "operatingIncome": 106355000,
      "totalOtherIncomeExpensesNet": 0,
      "incomeBeforeTax": 106355000,
      "incomeTaxExpense": 10131000,
      "netIncomeFromContinuingOperations": 96224000,
      "netIncomeFromDiscontinuedOperations": 0,
      "otherAdjustmentsToNetIncome": 0,
      "netIncome": 6910000,
      "netIncomeDeductions": 0,
      "bottomLineNetIncome": 82291000,
      "eps": 0.81,
      "epsDiluted": 0.0488,
      "weightedAverageShsOut": 119020520,
      "weightedAverageShsOutDil": 1970665767
    },
    {
      "quarter_label": "2022-Q2",
      "date": "2022-06-30",
      "symbol": "RKT",
      "reportedCurrency": "USD",
      "cik": "0001805284",
      "filingDate": "2022-08-09",
      "acceptedDate": "2022-08-09 16:23:35",
      "fiscalYear": "2022",
      "period": "Q2",
      "revenue": 1435125000,
      "costOfRevenue": 80988000,
      "grossProfit": 1354137000,
      "researchAndDevelopmentExpenses": 0,
      "generalAndAdministrativeExpenses": 983831000,
      "sellingAndMarketingExpenses": 231522000,
      "sellingGeneralAndAdministrativeExpenses": 1215353000,
      "otherExpenses": 60267000,
      "operatingExpenses": 1275620000,
      "costAndExpenses": 1356608000,
      "netInterestIncome": -1792000,
      "interestIncome": 79196000,
      "interestExpense": 80988000,
      "depreciationAndAmortization": 24780000,
      "ebitda": 103297000,
      "ebit": 78517000,
      "nonOperatingIncomeExcludingInterest": 0,
      "operatingIncome": 78517000,
      "totalOtherIncomeExpensesNet": 0,
      "incomeBeforeTax": 78517000,
      "incomeTaxExpense": 18761000,
      "netIncomeFromContinuingOperations": 59756000,
      "netIncomeFromDiscontinuedOperations": 0,
      "otherAdjustmentsToNetIncome": 0,
      "netIncome": 3415000,
      "netIncomeDeductions": 0,
      "bottomLineNetIncome": 42260000,
      "eps": 0.5,
      "epsDiluted": 0.0303,
      "weightedAverageShsOut": 118801530,
      "weightedAverageShsOutDil": 1971741764
    },
    {
      "quarter_label": "2022-Q1",
      "date": "2022-03-31",
      "symbol": "RKT",
      "reportedCurrency": "USD",
      "cik": "0001805284",
      "filingDate": "2022-05-10",
      "acceptedDate": "2022-05-10 16:29:30",
      "fiscalYear": "2022",
      "period": "Q1",
      "revenue": 2712292000,
      "costOfRevenue": 80360000,
      "grossProfit": 2631932000,
      "researchAndDevelopmentExpenses": 0,
      "generalAndAdministrativeExpenses": 1129772000,
      "sellingAndMarketingExpenses": 328058000,
      "sellingGeneralAndAdministrativeExpenses": 1457830000,
      "otherExpenses": 111645000,
      "operatingExpenses": 1569475000,
      "costAndExpenses": 1649835000,
      "netInterestIncome": 10180000,
      "interestIncome": 90540000,
      "interestExpense": 80360000,
      "depreciationAndAmortization": 21042000,
      "ebitda": 1083499000,
      "ebit": 1062457000,
      "nonOperatingIncomeExcludingInterest": 0,
      "operatingIncome": 1062457000,
      "totalOtherIncomeExpensesNet": 0,
      "incomeBeforeTax": 1062457000,
      "incomeTaxExpense": 25849000,
      "netIncomeFromContinuingOperations": 1036608000,
      "netIncomeFromDiscontinuedOperations": 0,
      "otherAdjustmentsToNetIncome": 0,
      "netIncome": 53712000,
      "netIncomeDeductions": 0,
      "bottomLineNetIncome": 799541000,
      "eps": 8.45,
      "epsDiluted": 0.52,
      "weightedAverageShsOut": 122691728,
      "weightedAverageShsOutDil": 1975379132
    },
    {
      "quarter_label": "2021-Q4",
      "date": "2021-12-31",
      "symbol": "RKT",
      "reportedCurrency": "USD",
      "cik": "0001805284",
      "filingDate": "2022-03-01",
      "acceptedDate": "2022-03-01 17:15:11",
      "fiscalYear": "2021",
      "period": "Q4",
      "revenue": 2648913000,
      "costOfRevenue": 182114000,
      "grossProfit": 2466799000,
      "researchAndDevelopmentExpenses": 0,
      "generalAndAdministrativeExpenses": 1119915000,
      "sellingAndMarketingExpenses": 305584000,
      "sellingGeneralAndAdministrativeExpenses": 1425499000,
      "otherExpenses": 185955000,
      "operatingExpenses": 1611454000,
      "costAndExpenses": 1793568000,
      "netInterestIncome": -63881000,
      "interestIncome": 118233000,
      "interestExpense": 182114000,
      "depreciationAndAmortization": 19243000,
      "ebitda": 874588000,
      "ebit": 855345000,
      "nonOperatingIncomeExcludingInterest": 0,
      "operatingIncome": 855345000,
      "totalOtherIncomeExpensesNet": 0,
      "incomeBeforeTax": 855345000,
      "incomeTaxExpense": -9971000,
      "netIncomeFromContinuingOperations": 865316000,
      "netIncomeFromDiscontinuedOperations": 0,
      "otherAdjustmentsToNetIncome": 0,
      "netIncome": 48051000,
      "netIncomeDeductions": 0,
      "bottomLineNetIncome": 4349880000,
      "eps": 0.36,
      "epsDiluted": 0.32,
      "weightedAverageShsOut": 132607997,
      "weightedAverageShsOutDil": 1985285921
    },
    {
      "quarter_label": "2021-Q3",
      "date": "2021-09-30",
      "symbol": "RKT",
      "reportedCurrency": "USD",
      "cik": "0001805284",
      "filingDate": "2021-11-09",
      "acceptedDate": "2021-11-09 17:15:06",
      "fiscalYear": "2021",
      "period": "Q3",
      "revenue": 3187508000,
      "costOfRevenue": 106941000,
      "grossProfit": 3080567000,
      "researchAndDevelopmentExpenses": 0,
      "generalAndAdministrativeExpenses": 1183415000,
      "sellingAndMarketingExpenses": 316471000,
      "sellingGeneralAndAdministrativeExpenses": 1499886000,
      "otherExpenses": 154992000,
      "operatingExpenses": 1654878000,
      "costAndExpenses": 1761819000,
      "netInterestIncome": 23022000,
      "interestIncome": 129963000,
      "interestExpense": 106941000,
      "depreciationAndAmortization": 19577000,
      "ebitda": 1445266000,
      "ebit": 1425689000,
      "nonOperatingIncomeExcludingInterest": 0,
      "operatingIncome": 1425689000,
      "totalOtherIncomeExpensesNet": 0,
      "incomeBeforeTax": 1425689000,
      "incomeTaxExpense": 32830000,
      "netIncomeFromContinuingOperations": 1392859000,
      "netIncomeFromDiscontinuedOperations": 0,
      "otherAdjustmentsToNetIncome": 0,
      "netIncome": 75337000,
      "netIncomeDeductions": 0,
      "bottomLineNetIncome": 1069522000,
      "eps": 0.55,
      "epsDiluted": 0.54,
      "weightedAverageShsOut": 137664471,
      "weightedAverageShsOutDil": 1990828351
    },
    {
      "quarter_label": "2021-Q2",
      "date": "2021-06-30",
      "symbol": "RKT",
      "reportedCurrency": "USD",
      "cik": "0001805284",
      "filingDate": "2021-08-13",
      "acceptedDate": "2021-08-13 17:19:04",
      "fiscalYear": "2021",
      "period": "Q2",
      "revenue": 2732477000,
      "costOfRevenue": 99416000,
      "grossProfit": 2633061000,
      "researchAndDevelopmentExpenses": 0,
      "generalAndAdministrativeExpenses": 1103285000,
      "sellingAndMarketingExpenses": 306685000,
      "sellingGeneralAndAdministrativeExpenses": 1409970000,
      "otherExpenses": 162394000,
      "operatingExpenses": 1572364000,
      "costAndExpenses": 1671780000,
      "netInterestIncome": -12771000,
      "interestIncome": 86645000,
      "interestExpense": 99416000,
      "depreciationAndAmortization": 20589000,
      "ebitda": 1081286000,
      "ebit": 1060697000,
      "nonOperatingIncomeExcludingInterest": 0,
      "operatingIncome": 1060697000,
      "totalOtherIncomeExpensesNet": 0,
      "incomeBeforeTax": 1060697000,
      "incomeTaxExpense": 24047000,
      "netIncomeFromContinuingOperations": 1036650000,
      "netIncomeFromDiscontinuedOperations": 0,
      "otherAdjustmentsToNetIncome": 0,
      "netIncome": 61120000,
      "netIncomeDeductions": 0,
      "bottomLineNetIncome": 797163000,
      "eps": 0.45,
      "epsDiluted": 0.4,
      "weightedAverageShsOut": 136139400,
      "weightedAverageShsOutDil": 1991267972
    },
    {
      "quarter_label": "2021-Q1",
      "date": "2021-03-31",
      "symbol": "RKT",
      "reportedCurrency": "USD",
      "cik": "0001805284",
      "filingDate": "2021-05-14",
      "acceptedDate": "2021-05-14 17:07:20",
      "fiscalYear": "2021",
      "period": "Q1",
      "revenue": 4606715000,
      "costOfRevenue": 103415000,
      "grossProfit": 4503300000,
      "researchAndDevelopmentExpenses": 0,
      "generalAndAdministrativeExpenses": 1133618000,
      "sellingAndMarketingExpenses": 320843000,
      "sellingGeneralAndAdministrativeExpenses": 1454461000,
      "otherExpenses": 205669000,
      "operatingExpenses": 1660130000,
      "costAndExpenses": 1763545000,
      "netInterestIncome": -8170000,
      "interestIncome": 95245000,
      "interestExpense": 103415000,
      "depreciationAndAmortization": 15304000,
      "ebitda": 2858474000,
      "ebit": 2843170000,
      "nonOperatingIncomeExcludingInterest": 0,
      "operatingIncome": 2843170000,
      "totalOtherIncomeExpensesNet": 0,
      "incomeBeforeTax": 2843170000,
      "incomeTaxExpense": 65832000,
      "netIncomeFromContinuingOperations": 2777338000,
      "netIncomeFromDiscontinuedOperations": 0,
      "otherAdjustmentsToNetIncome": 0,
      "netIncome": 123702000,
      "netIncomeDeductions": 0,
      "bottomLineNetIncome": 130131000,
      "eps": 1.07,
      "epsDiluted": 1.07,
      "weightedAverageShsOut": 115673524,
      "weightedAverageShsOutDil": 122011916
    },
    {
      "quarter_label": "2020-Q4",
      "date": "2020-12-31",
      "symbol": "RKT",
      "reportedCurrency": "USD",
      "cik": "0001805284",
      "filingDate": "2021-03-24",
      "acceptedDate": "2021-03-24 17:10:02",
      "fiscalYear": "2020",
      "period": "Q4",
      "revenue": 4781885000,
      "costOfRevenue": 164953000,
      "grossProfit": 4616932000,
      "researchAndDevelopmentExpenses": 0,
      "generalAndAdministrativeExpenses": 1173398000,
      "sellingAndMarketingExpenses": 279184000,
      "sellingGeneralAndAdministrativeExpenses": 1452582000,
      "otherExpenses": 275568000,
      "operatingExpenses": 1728150000,
      "costAndExpenses": 1893103000,
      "netInterestIncome": -67331000,
      "interestIncome": 97622000,
      "interestExpense": 164953000,
      "depreciationAndAmortization": 26683000,
      "ebitda": 2915465000,
      "ebit": 2888782000,
      "nonOperatingIncomeExcludingInterest": 0,
      "operatingIncome": 2888782000,
      "totalOtherIncomeExpensesNet": 0,
      "incomeBeforeTax": 2888782000,
      "incomeTaxExpense": 48018000,
      "netIncomeFromContinuingOperations": 2840764000,
      "netIncomeFromDiscontinuedOperations": 0,
      "otherAdjustmentsToNetIncome": 0,
      "netIncome": 140048000,
      "netIncomeDeductions": 0,
      "bottomLineNetIncome": 147140000,
      "eps": 1.21,
      "epsDiluted": 1.09,
      "weightedAverageShsOut": 115372565,
      "weightedAverageShsOutDil": 115372565
    },
    {
      "quarter_label": "2020-Q3",
      "date": "2020-09-30",
      "symbol": "RKT",
      "reportedCurrency": "USD",
      "cik": "0001805284",
      "filingDate": "2020-11-12",
      "acceptedDate": "2020-11-12 16:47:06",
      "fiscalYear": "2020",
      "period": "Q3",
      "revenue": 4685559000,
      "costOfRevenue": 107380000,
      "grossProfit": 4578179000,
      "researchAndDevelopmentExpenses": 0,
      "generalAndAdministrativeExpenses": 1097113000,
      "sellingAndMarketingExpenses": 250558000,
      "sellingGeneralAndAdministrativeExpenses": 1347671000,
      "otherExpenses": 173442000,
      "operatingExpenses": 1521113000,
      "costAndExpenses": 1628493000,
      "netInterestIncome": -27490000,
      "interestIncome": 79890000,
      "interestExpense": 107380000,
      "depreciationAndAmortization": 15329000,
      "ebitda": 3072395000,
      "ebit": 3057066000,
      "nonOperatingIncomeExcludingInterest": 0,
      "operatingIncome": 3057066000,
      "totalOtherIncomeExpensesNet": 0,
      "incomeBeforeTax": 3057066000,
      "incomeTaxExpense": 61683000,
      "netIncomeFromContinuingOperations": 2995383000,
      "netIncomeFromDiscontinuedOperations": 0,
      "otherAdjustmentsToNetIncome": 0,
      "netIncome": 57903000,
      "netIncomeDeductions": 0,
      "bottomLineNetIncome": 57903000,
      "eps": 0.54,
      "epsDiluted": 0.54,
      "weightedAverageShsOut": 106265422,
      "weightedAverageShsOutDil": 106265422
    }
  ],
  "data_summary": {
    "earliest_quarter": "2020-Q3",
    "latest_quarter": "2025-Q2",
    "years_covered": 6
  }
}