{
  "ticker": "SHOP",
  "initialization_date": "2025-08-23T19:05:18.445717",
  "total_quarters": 20,
  "api_calls_made": 4,
  "quarterly_data": [
    {
      "quarter_label": "2025-Q2",
      "date": "2025-06-30",
      "symbol": "SHOP",
      "reportedCurrency": "USD",
      "cik": "0001594805",
      "filingDate": "2025-08-06",
      "acceptedDate": "2025-08-06 07:06:12",
      "fiscalYear": "2025",
      "period": "Q2",
      "revenue": 2680000000,
      "costOfRevenue": 1378000000,
      "grossProfit": 1302000000,
      "researchAndDevelopmentExpenses": 394000000,
      "generalAndAdministrativeExpenses": 122000000,
      "sellingAndMarketingExpenses": 415000000,
      "sellingGeneralAndAdministrativeExpenses": 537000000,
      "otherExpenses": 80000000,
      "operatingExpenses": 1011000000,
      "costAndExpenses": 2389000000,
      "netInterestIncome": 106000000,
      "interestIncome": 106000000,
      "interestExpense": 0,
      "depreciationAndAmortization": 8000000,
      "ebitda": 1087000000,
      "ebit": 1079000000,
      "nonOperatingIncomeExcludingInterest": -788000000,
      "operatingIncome": 291000000,
      "totalOtherIncomeExpensesNet": 788000000,
      "incomeBeforeTax": 1079000000,
      "incomeTaxExpense": 173000000,
      "netIncomeFromContinuingOperations": 906000000,
      "netIncomeFromDiscontinuedOperations": 0,
      "otherAdjustmentsToNetIncome": 0,
      "netIncome": 906000000,
      "netIncomeDeductions": 0,
      "bottomLineNetIncome": 906000000,
      "eps": 0.7,
      "epsDiluted": 0.69,
      "weightedAverageShsOut": 1297746050,
      "weightedAverageShsOutDil": 1308993838
    },
    {
      "quarter_label": "2025-Q1",
      "date": "2025-03-31",
      "symbol": "SHOP",
      "reportedCurrency": "USD",
      "cik": "0001594805",
      "filingDate": "2025-05-08",
      "acceptedDate": "2025-05-08 07:02:29",
      "fiscalYear": "2025",
      "period": "Q1",
      "revenue": 2360000000,
      "costOfRevenue": 1191000000,
      "grossProfit": 1169000000,
      "researchAndDevelopmentExpenses": 377000000,
      "generalAndAdministrativeExpenses": 109000000,
      "sellingAndMarketingExpenses": 405000000,
      "sellingGeneralAndAdministrativeExpenses": 514000000,
      "otherExpenses": 75000000,
      "operatingExpenses": 966000000,
      "costAndExpenses": 2157000000,
      "netInterestIncome": 65000000,
      "interestIncome": 65000000,
      "interestExpense": 0,
      "depreciationAndAmortization": 8000000,
      "ebitda": 211000000,
      "ebit": 203000000,
      "nonOperatingIncomeExcludingInterest": 0,
      "operatingIncome": 203000000,
      "totalOtherIncomeExpensesNet": -973000000,
      "incomeBeforeTax": -770000000,
      "incomeTaxExpense": -88000000,
      "netIncomeFromContinuingOperations": -682000000,
      "netIncomeFromDiscontinuedOperations": 0,
      "otherAdjustmentsToNetIncome": 0,
      "netIncome": -682000000,
      "netIncomeDeductions": 0,
      "bottomLineNetIncome": -682000000,
      "eps": -0.53,
      "epsDiluted": -0.53,
      "weightedAverageShsOut": 1295377000,
      "weightedAverageShsOutDil": 1295377000
    },
    {
      "quarter_label": "2024-Q4",
      "date": "2024-12-31",
      "symbol": "SHOP",
      "reportedCurrency": "USD",
      "cik": "0001594805",
      "filingDate": "2025-04-29",
      "acceptedDate": "2025-04-29 07:02:25",
      "fiscalYear": "2024",
      "period": "Q4",
      "revenue": 2812000000,
      "costOfRevenue": 1460000000,
      "grossProfit": 1352000000,
      "researchAndDevelopmentExpenses": 351000000,
      "generalAndAdministrativeExpenses": 112000000,
      "sellingAndMarketingExpenses": 348000000,
      "sellingGeneralAndAdministrativeExpenses": 460000000,
      "otherExpenses": 76000000,
      "operatingExpenses": 887000000,
      "costAndExpenses": 2347000000,
      "netInterestIncome": 72000000,
      "interestIncome": 72000000,
      "interestExpense": 0,
      "depreciationAndAmortization": 8000000,
      "ebitda": 473000000,
      "ebit": 465000000,
      "nonOperatingIncomeExcludingInterest": 0,
      "operatingIncome": 465000000,
      "totalOtherIncomeExpensesNet": 956000000,
      "incomeBeforeTax": 1421000000,
      "incomeTaxExpense": 128000000,
      "netIncomeFromContinuingOperations": 1293000000,
      "netIncomeFromDiscontinuedOperations": 0,
      "otherAdjustmentsToNetIncome": 0,
      "netIncome": 1293000000,
      "netIncomeDeductions": 0,
      "bottomLineNetIncome": 1293000000,
      "eps": 1,
      "epsDiluted": 1,
      "weightedAverageShsOut": 1294580000,
      "weightedAverageShsOutDil": 1294580000
    },
    {
      "quarter_label": "2024-Q3",
      "date": "2024-09-30",
      "symbol": "SHOP",
      "reportedCurrency": "USD",
      "cik": "0001594805",
      "filingDate": "2024-11-12",
      "acceptedDate": "2024-11-12 07:05:55",
      "fiscalYear": "2024",
      "period": "Q3",
      "revenue": 2162000000,
      "costOfRevenue": 1044000000,
      "grossProfit": 1118000000,
      "researchAndDevelopmentExpenses": 332000000,
      "generalAndAdministrativeExpenses": 114000000,
      "sellingAndMarketingExpenses": 331000000,
      "sellingGeneralAndAdministrativeExpenses": 445000000,
      "otherExpenses": 58000000,
      "operatingExpenses": 835000000,
      "costAndExpenses": 1879000000,
      "netInterestIncome": 77000000,
      "interestIncome": 77000000,
      "interestExpense": 0,
      "depreciationAndAmortization": 8000000,
      "ebitda": 291000000,
      "ebit": 283000000,
      "nonOperatingIncomeExcludingInterest": 0,
      "operatingIncome": 283000000,
      "totalOtherIncomeExpensesNet": 577000000,
      "incomeBeforeTax": 860000000,
      "incomeTaxExpense": 32000000,
      "netIncomeFromContinuingOperations": 828000000,
      "netIncomeFromDiscontinuedOperations": 0,
      "otherAdjustmentsToNetIncome": 0,
      "netIncome": 828000000,
      "netIncomeDeductions": 0,
      "bottomLineNetIncome": 828000000,
      "eps": 0.64,
      "epsDiluted": 0.64,
      "weightedAverageShsOut": 1290585000,
      "weightedAverageShsOutDil": 1301601000
    },
    {
      "quarter_label": "2024-Q2",
      "date": "2024-06-30",
      "symbol": "SHOP",
      "reportedCurrency": "USD",
      "cik": "0001594805",
      "filingDate": "2024-08-07",
      "acceptedDate": "2024-08-07 07:05:45",
      "fiscalYear": "2024",
      "period": "Q2",
      "revenue": 2045000000,
      "costOfRevenue": 1000000000,
      "grossProfit": 1045000000,
      "researchAndDevelopmentExpenses": 349000000,
      "generalAndAdministrativeExpenses": 60000000,
      "sellingAndMarketingExpenses": 353000000,
      "sellingGeneralAndAdministrativeExpenses": 413000000,
      "otherExpenses": 42000000,
      "operatingExpenses": 804000000,
      "costAndExpenses": 1804000000,
      "netInterestIncome": 80000000,
      "interestIncome": 80000000,
      "interestExpense": 0,
      "depreciationAndAmortization": 10000000,
      "ebitda": 251000000,
      "ebit": 241000000,
      "nonOperatingIncomeExcludingInterest": 0,
      "operatingIncome": 241000000,
      "totalOtherIncomeExpensesNet": -38000000,
      "incomeBeforeTax": 203000000,
      "incomeTaxExpense": 32000000,
      "netIncomeFromContinuingOperations": 171000000,
      "netIncomeFromDiscontinuedOperations": 0,
      "otherAdjustmentsToNetIncome": 0,
      "netIncome": 171000000,
      "netIncomeDeductions": 0,
      "bottomLineNetIncome": 171000000,
      "eps": 0.13,
      "epsDiluted": 0.13,
      "weightedAverageShsOut": 1288900000,
      "weightedAverageShsOutDil": 1299913000
    },
    {
      "quarter_label": "2024-Q1",
      "date": "2024-03-31",
      "symbol": "SHOP",
      "reportedCurrency": "USD",
      "cik": "0001594805",
      "filingDate": "2024-05-08",
      "acceptedDate": "2024-05-08 07:05:10",
      "fiscalYear": "2024",
      "period": "Q1",
      "revenue": 1861000000,
      "costOfRevenue": 904000000,
      "grossProfit": 957000000,
      "researchAndDevelopmentExpenses": 335000000,
      "generalAndAdministrativeExpenses": 124000000,
      "sellingAndMarketingExpenses": 361000000,
      "sellingGeneralAndAdministrativeExpenses": 485000000,
      "otherExpenses": 51000000,
      "operatingExpenses": 871000000,
      "costAndExpenses": 1775000000,
      "netInterestIncome": 79000000,
      "interestIncome": 79000000,
      "interestExpense": 0,
      "depreciationAndAmortization": 10000000,
      "ebitda": 96000000,
      "ebit": 86000000,
      "nonOperatingIncomeExcludingInterest": 0,
      "operatingIncome": 86000000,
      "totalOtherIncomeExpensesNet": -342000000,
      "incomeBeforeTax": -256000000,
      "incomeTaxExpense": 17000000,
      "netIncomeFromContinuingOperations": -273000000,
      "netIncomeFromDiscontinuedOperations": 0,
      "otherAdjustmentsToNetIncome": 0,
      "netIncome": -273000000,
      "netIncomeDeductions": 0,
      "bottomLineNetIncome": -273000000,
      "eps": -0.21,
      "epsDiluted": -0.21,
      "weightedAverageShsOut": 1287377000,
      "weightedAverageShsOutDil": 1287377000
    },
    {
      "quarter_label": "2023-Q4",
      "date": "2023-12-31",
      "symbol": "SHOP",
      "reportedCurrency": "USD",
      "cik": "0001594805",
      "filingDate": "2024-02-13",
      "acceptedDate": "2024-02-13 07:07:18",
      "fiscalYear": "2023",
      "period": "Q4",
      "revenue": 2144000000,
      "costOfRevenue": 1082000000,
      "grossProfit": 1062000000,
      "researchAndDevelopmentExpenses": 311000000,
      "generalAndAdministrativeExpenses": 100000000,
      "sellingAndMarketingExpenses": 317000000,
      "sellingGeneralAndAdministrativeExpenses": 417000000,
      "otherExpenses": 45000000,
      "operatingExpenses": 773000000,
      "costAndExpenses": 1855000000,
      "netInterestIncome": 68000000,
      "interestIncome": 68000000,
      "interestExpense": 0,
      "depreciationAndAmortization": 10000000,
      "ebitda": 299000000,
      "ebit": 289000000,
      "nonOperatingIncomeExcludingInterest": 0,
      "operatingIncome": 289000000,
      "totalOtherIncomeExpensesNet": 393000000,
      "incomeBeforeTax": 682000000,
      "incomeTaxExpense": 25000000,
      "netIncomeFromContinuingOperations": 657000000,
      "netIncomeFromDiscontinuedOperations": 0,
      "otherAdjustmentsToNetIncome": 0,
      "netIncome": 657000000,
      "netIncomeDeductions": -1000000,
      "bottomLineNetIncome": 658000000,
      "eps": 0.51,
      "epsDiluted": 0.51,
      "weightedAverageShsOut": 1285499000,
      "weightedAverageShsOutDil": 1297296000
    },
    {
      "quarter_label": "2023-Q3",
      "date": "2023-09-30",
      "symbol": "SHOP",
      "reportedCurrency": "USD",
      "cik": "0001594805",
      "filingDate": "2023-11-02",
      "acceptedDate": "2023-11-02 07:06:21",
      "fiscalYear": "2023",
      "period": "Q3",
      "revenue": 1714000000,
      "costOfRevenue": 813000000,
      "grossProfit": 901000000,
      "researchAndDevelopmentExpenses": 313000000,
      "generalAndAdministrativeExpenses": 137000000,
      "sellingAndMarketingExpenses": 295000000,
      "sellingGeneralAndAdministrativeExpenses": 432000000,
      "otherExpenses": 34000000,
      "operatingExpenses": 779000000,
      "costAndExpenses": 1592000000,
      "netInterestIncome": 63000000,
      "interestIncome": 63000000,
      "interestExpense": 0,
      "depreciationAndAmortization": 13000000,
      "ebitda": 135000000,
      "ebit": 122000000,
      "nonOperatingIncomeExcludingInterest": 0,
      "operatingIncome": 122000000,
      "totalOtherIncomeExpensesNet": 606000000,
      "incomeBeforeTax": 728000000,
      "incomeTaxExpense": 10000000,
      "netIncomeFromContinuingOperations": 718000000,
      "netIncomeFromDiscontinuedOperations": 0,
      "otherAdjustmentsToNetIncome": 0,
      "netIncome": 718000000,
      "netIncomeDeductions": 0,
      "bottomLineNetIncome": 718000000,
      "eps": 0.56,
      "epsDiluted": 0.55,
      "weightedAverageShsOut": 1283329000,
      "weightedAverageShsOutDil": 1295830000
    },
    {
      "quarter_label": "2023-Q2",
      "date": "2023-06-30",
      "symbol": "SHOP",
      "reportedCurrency": "USD",
      "cik": "0001594805",
      "filingDate": "2023-08-03",
      "acceptedDate": "2023-08-03 07:05:51",
      "fiscalYear": "2023",
      "period": "Q2",
      "revenue": 1694000000,
      "costOfRevenue": 859000000,
      "grossProfit": 835000000,
      "researchAndDevelopmentExpenses": 648000000,
      "generalAndAdministrativeExpenses": 131000000,
      "sellingAndMarketingExpenses": 321000000,
      "sellingGeneralAndAdministrativeExpenses": 452000000,
      "otherExpenses": 1371000000,
      "operatingExpenses": 2471000000,
      "costAndExpenses": 3330000000,
      "netInterestIncome": 58000000,
      "interestIncome": 58000000,
      "interestExpense": 0,
      "depreciationAndAmortization": 17000000,
      "ebitda": -279000000,
      "ebit": -296000000,
      "nonOperatingIncomeExcludingInterest": -1340000000,
      "operatingIncome": -1636000000,
      "totalOtherIncomeExpensesNet": 335000000,
      "incomeBeforeTax": -1301000000,
      "incomeTaxExpense": 10000000,
      "netIncomeFromContinuingOperations": -1311000000,
      "netIncomeFromDiscontinuedOperations": 0,
      "otherAdjustmentsToNetIncome": 0,
      "netIncome": -1311000000,
      "netIncomeDeductions": 0,
      "bottomLineNetIncome": -1311000000,
      "eps": -1.02,
      "epsDiluted": -1.02,
      "weightedAverageShsOut": 1280408000,
      "weightedAverageShsOutDil": 1280408000
    },
    {
      "quarter_label": "2023-Q1",
      "date": "2023-03-31",
      "symbol": "SHOP",
      "reportedCurrency": "USD",
      "cik": "0001594805",
      "filingDate": "2023-05-04",
      "acceptedDate": "2023-05-04 07:09:18",
      "fiscalYear": "2023",
      "period": "Q1",
      "revenue": 1508000000,
      "costOfRevenue": 791000000,
      "grossProfit": 717000000,
      "researchAndDevelopmentExpenses": 458000000,
      "generalAndAdministrativeExpenses": 123000000,
      "sellingAndMarketingExpenses": 287000000,
      "sellingGeneralAndAdministrativeExpenses": 410000000,
      "otherExpenses": 42000000,
      "operatingExpenses": 910000000,
      "costAndExpenses": 1701000000,
      "netInterestIncome": 52000000,
      "interestIncome": 52000000,
      "interestExpense": 0,
      "depreciationAndAmortization": 30000000,
      "ebitda": -163000000,
      "ebit": -193000000,
      "nonOperatingIncomeExcludingInterest": 0,
      "operatingIncome": -193000000,
      "totalOtherIncomeExpensesNet": 269000000,
      "incomeBeforeTax": 76000000,
      "incomeTaxExpense": 8000000,
      "netIncomeFromContinuingOperations": 68000000,
      "netIncomeFromDiscontinuedOperations": 0,
      "otherAdjustmentsToNetIncome": 0,
      "netIncome": 68000000,
      "netIncomeDeductions": 0,
      "bottomLineNetIncome": 68000000,
      "eps": 0.0532,
      "epsDiluted": 0.0526,
      "weightedAverageShsOut": 1276885000,
      "weightedAverageShsOutDil": 1291682000
    },
    {
      "quarter_label": "2022-Q4",
      "date": "2022-12-31",
      "symbol": "SHOP",
      "reportedCurrency": "USD",
      "cik": "0001594805",
      "filingDate": "2023-02-15",
      "acceptedDate": "2023-02-15 16:17:35",
      "fiscalYear": "2022",
      "period": "Q4",
      "revenue": 1734978000,
      "costOfRevenue": 936470000,
      "grossProfit": 798508000,
      "researchAndDevelopmentExpenses": 440547000,
      "generalAndAdministrativeExpenses": 214651000,
      "sellingAndMarketingExpenses": 297741000,
      "sellingGeneralAndAdministrativeExpenses": 512392000,
      "otherExpenses": 34318000,
      "operatingExpenses": 987257000,
      "costAndExpenses": 1923727000,
      "netInterestIncome": 38684000,
      "interestIncome": 39563000,
      "interestExpense": 880327,
      "depreciationAndAmortization": 29822000,
      "ebitda": -584495000,
      "ebit": -614317000,
      "nonOperatingIncomeExcludingInterest": 425568000,
      "operatingIncome": -188749000,
      "totalOtherIncomeExpensesNet": -425859000,
      "incomeBeforeTax": -614608000,
      "incomeTaxExpense": 9086000,
      "netIncomeFromContinuingOperations": -623694000,
      "netIncomeFromDiscontinuedOperations": 0,
      "otherAdjustmentsToNetIncome": 0,
      "netIncome": -623694000,
      "netIncomeDeductions": 0,
      "bottomLineNetIncome": -623694000,
      "eps": -0.49,
      "epsDiluted": -0.49,
      "weightedAverageShsOut": 1273339000,
      "weightedAverageShsOutDil": 1273339000
    },
    {
      "quarter_label": "2022-Q3",
      "date": "2022-09-30",
      "symbol": "SHOP",
      "reportedCurrency": "USD",
      "cik": "0001594805",
      "filingDate": "2022-10-27",
      "acceptedDate": "2022-10-27 07:06:52",
      "fiscalYear": "2022",
      "period": "Q3",
      "revenue": 1366000000,
      "costOfRevenue": 704000000,
      "grossProfit": 662000000,
      "researchAndDevelopmentExpenses": 412000000,
      "generalAndAdministrativeExpenses": 255000000,
      "sellingAndMarketingExpenses": 302000000,
      "sellingGeneralAndAdministrativeExpenses": 557000000,
      "otherExpenses": 39000000,
      "operatingExpenses": 1008000000,
      "costAndExpenses": 1712000000,
      "netInterestIncome": 18882955,
      "interestIncome": 19710683,
      "interestExpense": 827727,
      "depreciationAndAmortization": 29000000,
      "ebitda": -317000000,
      "ebit": -346000000,
      "nonOperatingIncomeExcludingInterest": 0,
      "operatingIncome": -346000000,
      "totalOtherIncomeExpensesNet": 188000000,
      "incomeBeforeTax": -158000000,
      "incomeTaxExpense": 1000000,
      "netIncomeFromContinuingOperations": -159000000,
      "netIncomeFromDiscontinuedOperations": 0,
      "otherAdjustmentsToNetIncome": 0,
      "netIncome": -159000000,
      "netIncomeDeductions": 0,
      "bottomLineNetIncome": -159000000,
      "eps": -0.12,
      "epsDiluted": -0.12,
      "weightedAverageShsOut": 1269425000,
      "weightedAverageShsOutDil": 1269425000
    },
    {
      "quarter_label": "2022-Q2",
      "date": "2022-06-30",
      "symbol": "SHOP",
      "reportedCurrency": "USD",
      "cik": "0001594805",
      "filingDate": "2022-06-30",
      "acceptedDate": "2022-06-30 00:00:00",
      "fiscalYear": "2022",
      "period": "Q2",
      "revenue": 1295000000,
      "costOfRevenue": 639000000,
      "grossProfit": 656000000,
      "researchAndDevelopmentExpenses": 347000000,
      "generalAndAdministrativeExpenses": 130000000,
      "sellingAndMarketingExpenses": 327000000,
      "sellingGeneralAndAdministrativeExpenses": 457000000,
      "otherExpenses": 42000000,
      "operatingExpenses": 846000000,
      "costAndExpenses": 1485000000,
      "netInterestIncome": 11536868,
      "interestIncome": 12398465,
      "interestExpense": 861596,
      "depreciationAndAmortization": 16000000,
      "ebitda": -174000000,
      "ebit": -190000000,
      "nonOperatingIncomeExcludingInterest": 0,
      "operatingIncome": -190000000,
      "totalOtherIncomeExpensesNet": -1008000000,
      "incomeBeforeTax": -1198000000,
      "incomeTaxExpense": 6000000,
      "netIncomeFromContinuingOperations": -1204000000,
      "netIncomeFromDiscontinuedOperations": 0,
      "otherAdjustmentsToNetIncome": 0,
      "netIncome": -1204000000,
      "netIncomeDeductions": 0,
      "bottomLineNetIncome": -1204000000,
      "eps": -0.95,
      "epsDiluted": -0.95,
      "weightedAverageShsOut": 1262012000,
      "weightedAverageShsOutDil": 1262012000
    },
    {
      "quarter_label": "2022-Q1",
      "date": "2022-03-31",
      "symbol": "SHOP",
      "reportedCurrency": "USD",
      "cik": "0001594805",
      "filingDate": "2022-05-05",
      "acceptedDate": "2022-05-05 07:23:32",
      "fiscalYear": "2022",
      "period": "Q1",
      "revenue": 1204000000,
      "costOfRevenue": 566000000,
      "grossProfit": 638000000,
      "researchAndDevelopmentExpenses": 304000000,
      "generalAndAdministrativeExpenses": 109000000,
      "sellingAndMarketingExpenses": 303000000,
      "sellingGeneralAndAdministrativeExpenses": 412000000,
      "otherExpenses": 20000000,
      "operatingExpenses": 736000000,
      "costAndExpenses": 1302000000,
      "netInterestIncome": 5380277,
      "interestIncome": 6265011,
      "interestExpense": 884734,
      "depreciationAndAmortization": 17000000,
      "ebitda": -81000000,
      "ebit": -98000000,
      "nonOperatingIncomeExcludingInterest": 0,
      "operatingIncome": -98000000,
      "totalOtherIncomeExpensesNet": -1555000000,
      "incomeBeforeTax": -1653000000,
      "incomeTaxExpense": -179000000,
      "netIncomeFromContinuingOperations": -1474000000,
      "netIncomeFromDiscontinuedOperations": 0,
      "otherAdjustmentsToNetIncome": 0,
      "netIncome": -1474000000,
      "netIncomeDeductions": 0,
      "bottomLineNetIncome": -1474000000,
      "eps": -1.17,
      "epsDiluted": -1.17,
      "weightedAverageShsOut": 1260131000,
      "weightedAverageShsOutDil": 1260131000
    },
    {
      "quarter_label": "2021-Q4",
      "date": "2021-12-31",
      "symbol": "SHOP",
      "reportedCurrency": "USD",
      "cik": "0001594805",
      "filingDate": "2022-02-16",
      "acceptedDate": "2022-02-16 07:22:11",
      "fiscalYear": "2021",
      "period": "Q4",
      "revenue": 1380024000,
      "costOfRevenue": 687365000,
      "grossProfit": 692659000,
      "researchAndDevelopmentExpenses": 273912000,
      "generalAndAdministrativeExpenses": 101054000,
      "sellingAndMarketingExpenses": 275475000,
      "sellingGeneralAndAdministrativeExpenses": 376529000,
      "otherExpenses": 27814000,
      "operatingExpenses": 678255000,
      "costAndExpenses": 1365620000,
      "netInterestIncome": 4040000,
      "interestIncome": 4918000,
      "interestExpense": 875043,
      "depreciationAndAmortization": 22241000,
      "ebitda": -467943000,
      "ebit": -490184000,
      "nonOperatingIncomeExcludingInterest": 504588000,
      "operatingIncome": 14404000,
      "totalOtherIncomeExpensesNet": -503123000,
      "incomeBeforeTax": -488719000,
      "incomeTaxExpense": -117408000,
      "netIncomeFromContinuingOperations": -371311000,
      "netIncomeFromDiscontinuedOperations": 0,
      "otherAdjustmentsToNetIncome": 0,
      "netIncome": -371311000,
      "netIncomeDeductions": -645000,
      "bottomLineNetIncome": -370666000,
      "eps": -0.29,
      "epsDiluted": -0.3,
      "weightedAverageShsOut": 1257348000,
      "weightedAverageShsOutDil": 1257348000
    },
    {
      "quarter_label": "2021-Q3",
      "date": "2021-09-30",
      "symbol": "SHOP",
      "reportedCurrency": "USD",
      "cik": "0001594805",
      "filingDate": "2021-10-28",
      "acceptedDate": "2021-10-28 07:08:34",
      "fiscalYear": "2021",
      "period": "Q3",
      "revenue": 1123740000,
      "costOfRevenue": 514831000,
      "grossProfit": 608909000,
      "researchAndDevelopmentExpenses": 221028000,
      "generalAndAdministrativeExpenses": 128722000,
      "sellingAndMarketingExpenses": 237949000,
      "sellingGeneralAndAdministrativeExpenses": 366671000,
      "otherExpenses": 25311000,
      "operatingExpenses": 613010000,
      "costAndExpenses": 1127841000,
      "netInterestIncome": 3644000,
      "interestIncome": 4516000,
      "interestExpense": 872000,
      "depreciationAndAmortization": 13604000,
      "ebitda": 1354343000,
      "ebit": 1340739000,
      "nonOperatingIncomeExcludingInterest": -1344840000,
      "operatingIncome": -4101000,
      "totalOtherIncomeExpensesNet": 1344553000,
      "incomeBeforeTax": 1340452000,
      "incomeTaxExpense": 192020000,
      "netIncomeFromContinuingOperations": 1148432000,
      "netIncomeFromDiscontinuedOperations": 0,
      "otherAdjustmentsToNetIncome": 0,
      "netIncome": 1148432000,
      "netIncomeDeductions": -641000,
      "bottomLineNetIncome": 1149073000,
      "eps": 0.92,
      "epsDiluted": 0.9,
      "weightedAverageShsOut": 1250715000,
      "weightedAverageShsOutDil": 1276192000
    },
    {
      "quarter_label": "2021-Q2",
      "date": "2021-06-30",
      "symbol": "SHOP",
      "reportedCurrency": "USD",
      "cik": "0001594805",
      "filingDate": "2021-06-30",
      "acceptedDate": "2021-06-30 00:00:00",
      "fiscalYear": "2021",
      "period": "Q2",
      "revenue": 1119445000,
      "costOfRevenue": 498585000,
      "grossProfit": 620860000,
      "researchAndDevelopmentExpenses": 183557000,
      "generalAndAdministrativeExpenses": 77966000,
      "sellingAndMarketingExpenses": 201910000,
      "sellingGeneralAndAdministrativeExpenses": 279876000,
      "otherExpenses": 17986000,
      "operatingExpenses": 481419000,
      "costAndExpenses": 980004000,
      "netInterestIncome": 2222000,
      "interestIncome": 3092000,
      "interestExpense": 862619,
      "depreciationAndAmortization": 14663000,
      "ebitda": 934262000,
      "ebit": 919599000,
      "nonOperatingIncomeExcludingInterest": -780158000,
      "operatingIncome": 139441000,
      "totalOtherIncomeExpensesNet": 779874000,
      "incomeBeforeTax": 919315000,
      "incomeTaxExpense": 40222000,
      "netIncomeFromContinuingOperations": 879093000,
      "netIncomeFromDiscontinuedOperations": 0,
      "otherAdjustmentsToNetIncome": 0,
      "netIncome": 879093000,
      "netIncomeDeductions": -639000,
      "bottomLineNetIncome": 879732000,
      "eps": 0.71,
      "epsDiluted": 0.69,
      "weightedAverageShsOut": 1245475000,
      "weightedAverageShsOutDil": 1274751000
    },
    {
      "quarter_label": "2021-Q1",
      "date": "2021-03-31",
      "symbol": "SHOP",
      "reportedCurrency": "USD",
      "cik": "0001594805",
      "filingDate": "2021-04-28",
      "acceptedDate": "2021-04-28 07:19:52",
      "fiscalYear": "2021",
      "period": "Q1",
      "revenue": 988647000,
      "costOfRevenue": 429931000,
      "grossProfit": 558716000,
      "researchAndDevelopmentExpenses": 175886000,
      "generalAndAdministrativeExpenses": 67102000,
      "sellingAndMarketingExpenses": 186223000,
      "sellingGeneralAndAdministrativeExpenses": 253325000,
      "otherExpenses": 10606000,
      "operatingExpenses": 439817000,
      "costAndExpenses": 869748000,
      "netInterestIncome": 1957000,
      "interestIncome": 2830000,
      "interestExpense": 873000,
      "depreciationAndAmortization": 15800000,
      "ebitda": 1385632000,
      "ebit": 1369832000,
      "nonOperatingIncomeExcludingInterest": -1250933000,
      "operatingIncome": 118899000,
      "totalOtherIncomeExpensesNet": 1250645000,
      "incomeBeforeTax": 1369544000,
      "incomeTaxExpense": 111099000,
      "netIncomeFromContinuingOperations": 1258445000,
      "netIncomeFromDiscontinuedOperations": 0,
      "otherAdjustmentsToNetIncome": 0,
      "netIncome": 1258445000,
      "netIncomeDeductions": 0,
      "bottomLineNetIncome": 1259087000,
      "eps": 1.02,
      "epsDiluted": 0.99,
      "weightedAverageShsOut": 1232437000,
      "weightedAverageShsOutDil": 1266744000
    },
    {
      "quarter_label": "2020-Q4",
      "date": "2020-12-31",
      "symbol": "SHOP",
      "reportedCurrency": "USD",
      "cik": "0001594805",
      "filingDate": "2021-02-17",
      "acceptedDate": "2021-02-17 07:42:49",
      "fiscalYear": "2020",
      "period": "Q4",
      "revenue": 977744000,
      "costOfRevenue": 473356000,
      "grossProfit": 504388000,
      "researchAndDevelopmentExpenses": 164380185,
      "generalAndAdministrativeExpenses": 65395000,
      "sellingAndMarketingExpenses": 154728000,
      "sellingGeneralAndAdministrativeExpenses": 220123000,
      "otherExpenses": 6547000,
      "operatingExpenses": 391847000,
      "costAndExpenses": 865203000,
      "netInterestIncome": -4725390,
      "interestIncome": 3300613,
      "interestExpense": 8026004,
      "depreciationAndAmortization": 17893000,
      "ebitda": 134983000,
      "ebit": 117090000,
      "nonOperatingIncomeExcludingInterest": -4549000,
      "operatingIncome": 112541000,
      "totalOtherIncomeExpensesNet": -2788000,
      "incomeBeforeTax": 109753000,
      "incomeTaxExpense": -14119000,
      "netIncomeFromContinuingOperations": 123872000,
      "netIncomeFromDiscontinuedOperations": 0,
      "otherAdjustmentsToNetIncome": 0,
      "netIncome": 123872000,
      "netIncomeDeductions": 0,
      "bottomLineNetIncome": 123872000,
      "eps": 0.1,
      "epsDiluted": 0.0987,
      "weightedAverageShsOut": 1254549000,
      "weightedAverageShsOutDil": 1254549000
    },
    {
      "quarter_label": "2020-Q3",
      "date": "2020-09-30",
      "symbol": "SHOP",
      "reportedCurrency": "USD",
      "cik": "0001594805",
      "filingDate": "2020-10-29",
      "acceptedDate": "2020-10-29 07:22:31",
      "fiscalYear": "2020",
      "period": "Q3",
      "revenue": 767405000,
      "costOfRevenue": 362257000,
      "grossProfit": 405148000,
      "researchAndDevelopmentExpenses": 143427000,
      "generalAndAdministrativeExpenses": 51799000,
      "sellingAndMarketingExpenses": 147608000,
      "sellingGeneralAndAdministrativeExpenses": 199407000,
      "otherExpenses": 11753000,
      "operatingExpenses": 354587000,
      "costAndExpenses": 716844000,
      "netInterestIncome": 2550000,
      "interestIncome": 3788000,
      "interestExpense": 1238000,
      "depreciationAndAmortization": 17870000,
      "ebitda": 204979000,
      "ebit": 187605000,
      "nonOperatingIncomeExcludingInterest": -137044000,
      "operatingIncome": 50561000,
      "totalOtherIncomeExpensesNet": 135806000,
      "incomeBeforeTax": 186367000,
      "incomeTaxExpense": -4701000,
      "netIncomeFromContinuingOperations": 191068000,
      "netIncomeFromDiscontinuedOperations": 0,
      "otherAdjustmentsToNetIncome": 0,
      "netIncome": 191068000,
      "netIncomeDeductions": 0,
      "bottomLineNetIncome": 190607000,
      "eps": 0.16,
      "epsDiluted": 0.15,
      "weightedAverageShsOut": 1205115000,
      "weightedAverageShsOutDil": 1249083000
    }
  ],
  "data_summary": {
    "earliest_quarter": "2020-Q3",
    "latest_quarter": "2025-Q2",
    "years_covered": 6
  }
}