{
  "ticker": "TSLA",
  "initialization_date": "2025-08-23T19:03:50.209682",
  "total_quarters": 20,
  "api_calls_made": 4,
  "quarterly_data": [
    {
      "quarter_label": "2025-Q2",
      "date": "2025-06-30",
      "symbol": "TSLA",
      "reportedCurrency": "USD",
      "cik": "0001318605",
      "filingDate": "2025-07-24",
      "acceptedDate": "2025-07-23 20:23:31",
      "fiscalYear": "2025",
      "period": "Q2",
      "revenue": 22496000000,
      "costOfRevenue": 18618000000,
      "grossProfit": 3878000000,
      "researchAndDevelopmentExpenses": 1589000000,
      "generalAndAdministrativeExpenses": 0,
      "sellingAndMarketingExpenses": 0,
      "sellingGeneralAndAdministrativeExpenses": 1366000000,
      "otherExpenses": 0,
      "operatingExpenses": 2955000000,
      "costAndExpenses": 21573000000,
      "netInterestIncome": 306000000,
      "interestIncome": 392000000,
      "interestExpense": 86000000,
      "depreciationAndAmortization": 1433000000,
      "ebitda": 3068000000,
      "ebit": 1635000000,
      "nonOperatingIncomeExcludingInterest": -712000000,
      "operatingIncome": 923000000,
      "totalOtherIncomeExpensesNet": 626000000,
      "incomeBeforeTax": 1549000000,
      "incomeTaxExpense": 359000000,
      "netIncomeFromContinuingOperations": 1190000000,
      "netIncomeFromDiscontinuedOperations": 0,
      "otherAdjustmentsToNetIncome": 0,
      "netIncome": 1172000000,
      "netIncomeDeductions": 0,
      "bottomLineNetIncome": 1172000000,
      "eps": 0.36,
      "epsDiluted": 0.33,
      "weightedAverageShsOut": 3223000000,
      "weightedAverageShsOutDil": 3519000000
    },
    {
      "quarter_label": "2025-Q1",
      "date": "2025-03-31",
      "symbol": "TSLA",
      "reportedCurrency": "USD",
      "cik": "0001318605",
      "filingDate": "2025-04-23",
      "acceptedDate": "2025-04-22 21:02:10",
      "fiscalYear": "2025",
      "period": "Q1",
      "revenue": 19335000000,
      "costOfRevenue": 16182000000,
      "grossProfit": 3153000000,
      "researchAndDevelopmentExpenses": 1409000000,
      "generalAndAdministrativeExpenses": 1251000000,
      "sellingAndMarketingExpenses": 0,
      "sellingGeneralAndAdministrativeExpenses": 1251000000,
      "otherExpenses": 94000000,
      "operatingExpenses": 2754000000,
      "costAndExpenses": 18936000000,
      "netInterestIncome": 309000000,
      "interestIncome": 400000000,
      "interestExpense": 91000000,
      "depreciationAndAmortization": 1447000000,
      "ebitda": 2127000000,
      "ebit": 680000000,
      "nonOperatingIncomeExcludingInterest": -281000000,
      "operatingIncome": 399000000,
      "totalOtherIncomeExpensesNet": 190000000,
      "incomeBeforeTax": 589000000,
      "incomeTaxExpense": 169000000,
      "netIncomeFromContinuingOperations": 420000000,
      "netIncomeFromDiscontinuedOperations": 0,
      "otherAdjustmentsToNetIncome": 0,
      "netIncome": 409000000,
      "netIncomeDeductions": 0,
      "bottomLineNetIncome": 409000000,
      "eps": 0.13,
      "epsDiluted": 0.12,
      "weightedAverageShsOut": 3218000000,
      "weightedAverageShsOutDil": 3521000000
    },
    {
      "quarter_label": "2024-Q4",
      "date": "2024-12-31",
      "symbol": "TSLA",
      "reportedCurrency": "USD",
      "cik": "0001318605",
      "filingDate": "2025-01-30",
      "acceptedDate": "2025-01-29 20:42:33",
      "fiscalYear": "2024",
      "period": "Q4",
      "revenue": 25707000000,
      "costOfRevenue": 21528000000,
      "grossProfit": 4179000000,
      "researchAndDevelopmentExpenses": 1276000000,
      "generalAndAdministrativeExpenses": 1313000000,
      "sellingAndMarketingExpenses": 0,
      "sellingGeneralAndAdministrativeExpenses": 1313000000,
      "otherExpenses": 7000000,
      "operatingExpenses": 2596000000,
      "costAndExpenses": 24124000000,
      "netInterestIncome": 346000000,
      "interestIncome": 442000000,
      "interestExpense": 96000000,
      "depreciationAndAmortization": 1496000000,
      "ebitda": 4358000000,
      "ebit": 2862000000,
      "nonOperatingIncomeExcludingInterest": -1279000000,
      "operatingIncome": 1583000000,
      "totalOtherIncomeExpensesNet": 1183000000,
      "incomeBeforeTax": 2766000000,
      "incomeTaxExpense": 434000000,
      "netIncomeFromContinuingOperations": 2332000000,
      "netIncomeFromDiscontinuedOperations": 0,
      "otherAdjustmentsToNetIncome": 0,
      "netIncome": 2356000000,
      "netIncomeDeductions": 42000000,
      "bottomLineNetIncome": 2314000000,
      "eps": 0.72,
      "epsDiluted": 0.66,
      "weightedAverageShsOut": 3213000000,
      "weightedAverageShsOutDil": 3517000000
    },
    {
      "quarter_label": "2024-Q3",
      "date": "2024-09-30",
      "symbol": "TSLA",
      "reportedCurrency": "USD",
      "cik": "0001318605",
      "filingDate": "2024-10-24",
      "acceptedDate": "2024-10-23 20:42:47",
      "fiscalYear": "2024",
      "period": "Q3",
      "revenue": 25182000000,
      "costOfRevenue": 20185000000,
      "grossProfit": 4997000000,
      "researchAndDevelopmentExpenses": 1039000000,
      "generalAndAdministrativeExpenses": 1186000000,
      "sellingAndMarketingExpenses": 0,
      "sellingGeneralAndAdministrativeExpenses": 1186000000,
      "otherExpenses": 55000000,
      "operatingExpenses": 2280000000,
      "costAndExpenses": 22465000000,
      "netInterestIncome": 337000000,
      "interestIncome": 429000000,
      "interestExpense": 92000000,
      "depreciationAndAmortization": 1348000000,
      "ebitda": 4224000000,
      "ebit": 2876000000,
      "nonOperatingIncomeExcludingInterest": -159000000,
      "operatingIncome": 2717000000,
      "totalOtherIncomeExpensesNet": 67000000,
      "incomeBeforeTax": 2784000000,
      "incomeTaxExpense": 601000000,
      "netIncomeFromContinuingOperations": 2183000000,
      "netIncomeFromDiscontinuedOperations": 0,
      "otherAdjustmentsToNetIncome": 0,
      "netIncome": 2167000000,
      "netIncomeDeductions": 0,
      "bottomLineNetIncome": 2167000000,
      "eps": 0.68,
      "epsDiluted": 0.62,
      "weightedAverageShsOut": 3198000000,
      "weightedAverageShsOutDil": 3497000000
    },
    {
      "quarter_label": "2024-Q2",
      "date": "2024-06-30",
      "symbol": "TSLA",
      "reportedCurrency": "USD",
      "cik": "0001318605",
      "filingDate": "2024-07-24",
      "acceptedDate": "2024-07-23 19:41:09",
      "fiscalYear": "2024",
      "period": "Q2",
      "revenue": 25500000000,
      "costOfRevenue": 20922000000,
      "grossProfit": 4578000000,
      "researchAndDevelopmentExpenses": 1074000000,
      "generalAndAdministrativeExpenses": 1277000000,
      "sellingAndMarketingExpenses": 0,
      "sellingGeneralAndAdministrativeExpenses": 1277000000,
      "otherExpenses": 622000000,
      "operatingExpenses": 2973000000,
      "costAndExpenses": 23895000000,
      "netInterestIncome": 262000000,
      "interestIncome": 348000000,
      "interestExpense": 86000000,
      "depreciationAndAmortization": 1278000000,
      "ebitda": 3251000000,
      "ebit": 1973000000,
      "nonOperatingIncomeExcludingInterest": -368000000,
      "operatingIncome": 1605000000,
      "totalOtherIncomeExpensesNet": 182000000,
      "incomeBeforeTax": 1787000000,
      "incomeTaxExpense": 371000000,
      "netIncomeFromContinuingOperations": 1416000000,
      "netIncomeFromDiscontinuedOperations": 0,
      "otherAdjustmentsToNetIncome": 0,
      "netIncome": 1400000000,
      "netIncomeDeductions": 0,
      "bottomLineNetIncome": 1400000000,
      "eps": 0.46,
      "epsDiluted": 0.42,
      "weightedAverageShsOut": 3191000000,
      "weightedAverageShsOutDil": 3481000000
    },
    {
      "quarter_label": "2024-Q1",
      "date": "2024-03-31",
      "symbol": "TSLA",
      "reportedCurrency": "USD",
      "cik": "0001318605",
      "filingDate": "2024-04-24",
      "acceptedDate": "2024-04-23 20:27:48",
      "fiscalYear": "2024",
      "period": "Q1",
      "revenue": 21301000000,
      "costOfRevenue": 17605000000,
      "grossProfit": 3696000000,
      "researchAndDevelopmentExpenses": 1151000000,
      "generalAndAdministrativeExpenses": 1374000000,
      "sellingAndMarketingExpenses": 0,
      "sellingGeneralAndAdministrativeExpenses": 1374000000,
      "otherExpenses": 0,
      "operatingExpenses": 2525000000,
      "costAndExpenses": 20130000000,
      "netInterestIncome": 274000000,
      "interestIncome": 350000000,
      "interestExpense": 76000000,
      "depreciationAndAmortization": 1246000000,
      "ebitda": 2875000000,
      "ebit": 1629000000,
      "nonOperatingIncomeExcludingInterest": -458000000,
      "operatingIncome": 1171000000,
      "totalOtherIncomeExpensesNet": 717000000,
      "incomeBeforeTax": 1888000000,
      "incomeTaxExpense": 483000000,
      "netIncomeFromContinuingOperations": 1405000000,
      "netIncomeFromDiscontinuedOperations": 0,
      "otherAdjustmentsToNetIncome": 0,
      "netIncome": 1390000000,
      "netIncomeDeductions": 0,
      "bottomLineNetIncome": 1432000000,
      "eps": 0.45,
      "epsDiluted": 0.41,
      "weightedAverageShsOut": 3186000000,
      "weightedAverageShsOutDil": 3484000000
    },
    {
      "quarter_label": "2023-Q4",
      "date": "2023-12-31",
      "symbol": "TSLA",
      "reportedCurrency": "USD",
      "cik": "0001318605",
      "filingDate": "2024-01-29",
      "acceptedDate": "2024-01-26 21:00:20",
      "fiscalYear": "2023",
      "period": "Q4",
      "revenue": 25167000000,
      "costOfRevenue": 20729000000,
      "grossProfit": 4438000000,
      "researchAndDevelopmentExpenses": 1094000000,
      "generalAndAdministrativeExpenses": 1280000000,
      "sellingAndMarketingExpenses": 0,
      "sellingGeneralAndAdministrativeExpenses": 1280000000,
      "otherExpenses": 0,
      "operatingExpenses": 2374000000,
      "costAndExpenses": 23103000000,
      "netInterestIncome": 272000000,
      "interestIncome": 333000000,
      "interestExpense": 61000000,
      "depreciationAndAmortization": 1232000000,
      "ebitda": 3484000000,
      "ebit": 2252000000,
      "nonOperatingIncomeExcludingInterest": -188000000,
      "operatingIncome": 2064000000,
      "totalOtherIncomeExpensesNet": 127000000,
      "incomeBeforeTax": 2191000000,
      "incomeTaxExpense": -5752000000,
      "netIncomeFromContinuingOperations": 7943000000,
      "netIncomeFromDiscontinuedOperations": 0,
      "otherAdjustmentsToNetIncome": 0,
      "netIncome": 7930000000,
      "netIncomeDeductions": 3000000,
      "bottomLineNetIncome": 7927000000,
      "eps": 2.49,
      "epsDiluted": 2.27,
      "weightedAverageShsOut": 3181000000,
      "weightedAverageShsOutDil": 3492000000
    },
    {
      "quarter_label": "2023-Q3",
      "date": "2023-09-30",
      "symbol": "TSLA",
      "reportedCurrency": "USD",
      "cik": "0001318605",
      "filingDate": "2023-10-23",
      "acceptedDate": "2023-10-20 18:41:03",
      "fiscalYear": "2023",
      "period": "Q3",
      "revenue": 23350000000,
      "costOfRevenue": 19172000000,
      "grossProfit": 4178000000,
      "researchAndDevelopmentExpenses": 1161000000,
      "generalAndAdministrativeExpenses": 1253000000,
      "sellingAndMarketingExpenses": 0,
      "sellingGeneralAndAdministrativeExpenses": 1253000000,
      "otherExpenses": 0,
      "operatingExpenses": 2414000000,
      "costAndExpenses": 21586000000,
      "netInterestIncome": 244000000,
      "interestIncome": 282000000,
      "interestExpense": 38000000,
      "depreciationAndAmortization": 1235000000,
      "ebitda": 3318000000,
      "ebit": 2083000000,
      "nonOperatingIncomeExcludingInterest": -319000000,
      "operatingIncome": 1764000000,
      "totalOtherIncomeExpensesNet": 281000000,
      "incomeBeforeTax": 2045000000,
      "incomeTaxExpense": 167000000,
      "netIncomeFromContinuingOperations": 1878000000,
      "netIncomeFromDiscontinuedOperations": 0,
      "otherAdjustmentsToNetIncome": 0,
      "netIncome": 1853000000,
      "netIncomeDeductions": 2000000,
      "bottomLineNetIncome": 1851000000,
      "eps": 0.58,
      "epsDiluted": 0.53,
      "weightedAverageShsOut": 3176000000,
      "weightedAverageShsOutDil": 3493000000
    },
    {
      "quarter_label": "2023-Q2",
      "date": "2023-06-30",
      "symbol": "TSLA",
      "reportedCurrency": "USD",
      "cik": "0001318605",
      "filingDate": "2023-07-24",
      "acceptedDate": "2023-07-21 18:08:29",
      "fiscalYear": "2023",
      "period": "Q2",
      "revenue": 24927000000,
      "costOfRevenue": 20394000000,
      "grossProfit": 4533000000,
      "researchAndDevelopmentExpenses": 943000000,
      "generalAndAdministrativeExpenses": 1191000000,
      "sellingAndMarketingExpenses": 0,
      "sellingGeneralAndAdministrativeExpenses": 1191000000,
      "otherExpenses": 0,
      "operatingExpenses": 2134000000,
      "costAndExpenses": 22528000000,
      "netInterestIncome": 210000000,
      "interestIncome": 238000000,
      "interestExpense": 28000000,
      "depreciationAndAmortization": 1154000000,
      "ebitda": 4119000000,
      "ebit": 2965000000,
      "nonOperatingIncomeExcludingInterest": -566000000,
      "operatingIncome": 2399000000,
      "totalOtherIncomeExpensesNet": 538000000,
      "incomeBeforeTax": 2937000000,
      "incomeTaxExpense": 323000000,
      "netIncomeFromContinuingOperations": 2614000000,
      "netIncomeFromDiscontinuedOperations": 0,
      "otherAdjustmentsToNetIncome": 0,
      "netIncome": 2703000000,
      "netIncomeDeductions": 0,
      "bottomLineNetIncome": 2703000000,
      "eps": 0.85,
      "epsDiluted": 0.78,
      "weightedAverageShsOut": 3171000000,
      "weightedAverageShsOutDil": 3478000000
    },
    {
      "quarter_label": "2023-Q1",
      "date": "2023-03-31",
      "symbol": "TSLA",
      "reportedCurrency": "USD",
      "cik": "0001318605",
      "filingDate": "2023-04-24",
      "acceptedDate": "2023-04-21 18:05:23",
      "fiscalYear": "2023",
      "period": "Q1",
      "revenue": 23329000000,
      "costOfRevenue": 18818000000,
      "grossProfit": 4511000000,
      "researchAndDevelopmentExpenses": 771000000,
      "generalAndAdministrativeExpenses": 1076000000,
      "sellingAndMarketingExpenses": 0,
      "sellingGeneralAndAdministrativeExpenses": 1076000000,
      "otherExpenses": 0,
      "operatingExpenses": 1847000000,
      "costAndExpenses": 20665000000,
      "netInterestIncome": 184000000,
      "interestIncome": 213000000,
      "interestExpense": 29000000,
      "depreciationAndAmortization": 1046000000,
      "ebitda": 3875000000,
      "ebit": 2829000000,
      "nonOperatingIncomeExcludingInterest": -165000000,
      "operatingIncome": 2664000000,
      "totalOtherIncomeExpensesNet": 136000000,
      "incomeBeforeTax": 2800000000,
      "incomeTaxExpense": 261000000,
      "netIncomeFromContinuingOperations": 2539000000,
      "netIncomeFromDiscontinuedOperations": 0,
      "otherAdjustmentsToNetIncome": 0,
      "netIncome": 2513000000,
      "netIncomeDeductions": 0,
      "bottomLineNetIncome": 2518000000,
      "eps": 0.8,
      "epsDiluted": 0.73,
      "weightedAverageShsOut": 3166000000,
      "weightedAverageShsOutDil": 3468000000
    },
    {
      "quarter_label": "2022-Q4",
      "date": "2022-12-31",
      "symbol": "TSLA",
      "reportedCurrency": "USD",
      "cik": "0001318605",
      "filingDate": "2023-01-31",
      "acceptedDate": "2023-01-30 21:29:15",
      "fiscalYear": "2022",
      "period": "Q4",
      "revenue": 24318000000,
      "costOfRevenue": 18541000000,
      "grossProfit": 5777000000,
      "researchAndDevelopmentExpenses": 810000000,
      "generalAndAdministrativeExpenses": 1032000000,
      "sellingAndMarketingExpenses": 0,
      "sellingGeneralAndAdministrativeExpenses": 1032000000,
      "otherExpenses": 34000000,
      "operatingExpenses": 1876000000,
      "costAndExpenses": 20417000000,
      "netInterestIncome": 124000000,
      "interestIncome": 157000000,
      "interestExpense": 33000000,
      "depreciationAndAmortization": 989000000,
      "ebitda": 5005000000,
      "ebit": 4016000000,
      "nonOperatingIncomeExcludingInterest": -115000000,
      "operatingIncome": 3901000000,
      "totalOtherIncomeExpensesNet": 82000000,
      "incomeBeforeTax": 3983000000,
      "incomeTaxExpense": 276000000,
      "netIncomeFromContinuingOperations": 3707000000,
      "netIncomeFromDiscontinuedOperations": 0,
      "otherAdjustmentsToNetIncome": 0,
      "netIncome": 3714000000,
      "netIncomeDeductions": -8000000,
      "bottomLineNetIncome": 3722000000,
      "eps": 1.18,
      "epsDiluted": 1.07,
      "weightedAverageShsOut": 3160000000,
      "weightedAverageShsOutDil": 3475000000
    },
    {
      "quarter_label": "2022-Q3",
      "date": "2022-09-30",
      "symbol": "TSLA",
      "reportedCurrency": "USD",
      "cik": "0001318605",
      "filingDate": "2022-10-24",
      "acceptedDate": "2022-10-24 06:08:50",
      "fiscalYear": "2022",
      "period": "Q3",
      "revenue": 21454000000,
      "costOfRevenue": 16072000000,
      "grossProfit": 5382000000,
      "researchAndDevelopmentExpenses": 733000000,
      "generalAndAdministrativeExpenses": 961000000,
      "sellingAndMarketingExpenses": 0,
      "sellingGeneralAndAdministrativeExpenses": 961000000,
      "otherExpenses": 0,
      "operatingExpenses": 1694000000,
      "costAndExpenses": 17766000000,
      "netInterestIncome": 33000000,
      "interestIncome": 86000000,
      "interestExpense": 53000000,
      "depreciationAndAmortization": 956000000,
      "ebitda": 4645000000,
      "ebit": 3689000000,
      "nonOperatingIncomeExcludingInterest": -1000000,
      "operatingIncome": 3688000000,
      "totalOtherIncomeExpensesNet": -52000000,
      "incomeBeforeTax": 3636000000,
      "incomeTaxExpense": 305000000,
      "netIncomeFromContinuingOperations": 3331000000,
      "netIncomeFromDiscontinuedOperations": 0,
      "otherAdjustmentsToNetIncome": 0,
      "netIncome": 3292000000,
      "netIncomeDeductions": 0,
      "bottomLineNetIncome": 3292000000,
      "eps": 1.05,
      "epsDiluted": 0.95,
      "weightedAverageShsOut": 3146000000,
      "weightedAverageShsOutDil": 3468000000
    },
    {
      "quarter_label": "2022-Q2",
      "date": "2022-06-30",
      "symbol": "TSLA",
      "reportedCurrency": "USD",
      "cik": "0001318605",
      "filingDate": "2022-07-25",
      "acceptedDate": "2022-07-25 06:07:25",
      "fiscalYear": "2022",
      "period": "Q2",
      "revenue": 16934000000,
      "costOfRevenue": 12700000000,
      "grossProfit": 4234000000,
      "researchAndDevelopmentExpenses": 667000000,
      "generalAndAdministrativeExpenses": 961000000,
      "sellingAndMarketingExpenses": 0,
      "sellingGeneralAndAdministrativeExpenses": 961000000,
      "otherExpenses": 142000000,
      "operatingExpenses": 1770000000,
      "costAndExpenses": 14470000000,
      "netInterestIncome": -18000000,
      "interestIncome": 26000000,
      "interestExpense": 44000000,
      "depreciationAndAmortization": 922000000,
      "ebitda": 3440000000,
      "ebit": 2518000000,
      "nonOperatingIncomeExcludingInterest": -54000000,
      "operatingIncome": 2464000000,
      "totalOtherIncomeExpensesNet": 10000000,
      "incomeBeforeTax": 2474000000,
      "incomeTaxExpense": 205000000,
      "netIncomeFromContinuingOperations": 2269000000,
      "netIncomeFromDiscontinuedOperations": 0,
      "otherAdjustmentsToNetIncome": 0,
      "netIncome": 2259000000,
      "netIncomeDeductions": 0,
      "bottomLineNetIncome": 2256000000,
      "eps": 0.73,
      "epsDiluted": 0.65,
      "weightedAverageShsOut": 3111000000,
      "weightedAverageShsOutDil": 3464000000
    },
    {
      "quarter_label": "2022-Q1",
      "date": "2022-03-31",
      "symbol": "TSLA",
      "reportedCurrency": "USD",
      "cik": "0001318605",
      "filingDate": "2022-04-25",
      "acceptedDate": "2022-04-22 21:36:59",
      "fiscalYear": "2022",
      "period": "Q1",
      "revenue": 18756000000,
      "costOfRevenue": 13296000000,
      "grossProfit": 5460000000,
      "researchAndDevelopmentExpenses": 865000000,
      "generalAndAdministrativeExpenses": 992000000,
      "sellingAndMarketingExpenses": 0,
      "sellingGeneralAndAdministrativeExpenses": 992000000,
      "otherExpenses": 0,
      "operatingExpenses": 1857000000,
      "costAndExpenses": 15153000000,
      "netInterestIncome": -33000000,
      "interestIncome": 28000000,
      "interestExpense": 61000000,
      "depreciationAndAmortization": 880000000,
      "ebitda": 4567000000,
      "ebit": 3687000000,
      "nonOperatingIncomeExcludingInterest": -84000000,
      "operatingIncome": 3603000000,
      "totalOtherIncomeExpensesNet": 23000000,
      "incomeBeforeTax": 3626000000,
      "incomeTaxExpense": 346000000,
      "netIncomeFromContinuingOperations": 3280000000,
      "netIncomeFromDiscontinuedOperations": 0,
      "otherAdjustmentsToNetIncome": 0,
      "netIncome": 3318000000,
      "netIncomeDeductions": 0,
      "bottomLineNetIncome": 3318000000,
      "eps": 1.07,
      "epsDiluted": 0.95,
      "weightedAverageShsOut": 3103000000,
      "weightedAverageShsOutDil": 3472000000
    },
    {
      "quarter_label": "2021-Q4",
      "date": "2021-12-31",
      "symbol": "TSLA",
      "reportedCurrency": "USD",
      "cik": "0001318605",
      "filingDate": "2022-02-07",
      "acceptedDate": "2022-02-04 20:11:27",
      "fiscalYear": "2021",
      "period": "Q4",
      "revenue": 17719000000,
      "costOfRevenue": 12872000000,
      "grossProfit": 4847000000,
      "researchAndDevelopmentExpenses": 740000000,
      "generalAndAdministrativeExpenses": 1494000000,
      "sellingAndMarketingExpenses": 0,
      "sellingGeneralAndAdministrativeExpenses": 1494000000,
      "otherExpenses": 0,
      "operatingExpenses": 2234000000,
      "costAndExpenses": 15106000000,
      "netInterestIncome": -46000000,
      "interestIncome": 25000000,
      "interestExpense": 71000000,
      "depreciationAndAmortization": 848000000,
      "ebitda": 3554000000,
      "ebit": 2706000000,
      "nonOperatingIncomeExcludingInterest": -93000000,
      "operatingIncome": 2613000000,
      "totalOtherIncomeExpensesNet": 22000000,
      "incomeBeforeTax": 2635000000,
      "incomeTaxExpense": 292000000,
      "netIncomeFromContinuingOperations": 2343000000,
      "netIncomeFromDiscontinuedOperations": 0,
      "otherAdjustmentsToNetIncome": 0,
      "netIncome": 2321000000,
      "netIncomeDeductions": -14000000,
      "bottomLineNetIncome": 2335000000,
      "eps": 0.77,
      "epsDiluted": 0.54,
      "weightedAverageShsOut": 3045000000,
      "weightedAverageShsOutDil": 4305000000
    },
    {
      "quarter_label": "2021-Q3",
      "date": "2021-09-30",
      "symbol": "TSLA",
      "reportedCurrency": "USD",
      "cik": "0001318605",
      "filingDate": "2021-10-25",
      "acceptedDate": "2021-10-25 06:12:15",
      "fiscalYear": "2021",
      "period": "Q3",
      "revenue": 13757000000,
      "costOfRevenue": 10097000000,
      "grossProfit": 3660000000,
      "researchAndDevelopmentExpenses": 611000000,
      "generalAndAdministrativeExpenses": 994000000,
      "sellingAndMarketingExpenses": 0,
      "sellingGeneralAndAdministrativeExpenses": 994000000,
      "otherExpenses": 51000000,
      "operatingExpenses": 1656000000,
      "costAndExpenses": 11753000000,
      "netInterestIncome": -116000000,
      "interestIncome": 10000000,
      "interestExpense": 126000000,
      "depreciationAndAmortization": 761000000,
      "ebitda": 2769000000,
      "ebit": 2008000000,
      "nonOperatingIncomeExcludingInterest": -4000000,
      "operatingIncome": 2004000000,
      "totalOtherIncomeExpensesNet": -122000000,
      "incomeBeforeTax": 1882000000,
      "incomeTaxExpense": 223000000,
      "netIncomeFromContinuingOperations": 1659000000,
      "netIncomeFromDiscontinuedOperations": 0,
      "otherAdjustmentsToNetIncome": 0,
      "netIncome": 1618000000,
      "netIncomeDeductions": -1000000,
      "bottomLineNetIncome": 1619000000,
      "eps": 0.54,
      "epsDiluted": 0.48,
      "weightedAverageShsOut": 2994000000,
      "weightedAverageShsOutDil": 3369000000
    },
    {
      "quarter_label": "2021-Q2",
      "date": "2021-06-30",
      "symbol": "TSLA",
      "reportedCurrency": "USD",
      "cik": "0001318605",
      "filingDate": "2021-07-27",
      "acceptedDate": "2021-07-27 06:47:13",
      "fiscalYear": "2021",
      "period": "Q2",
      "revenue": 11958000000,
      "costOfRevenue": 9074000000,
      "grossProfit": 2884000000,
      "researchAndDevelopmentExpenses": 576000000,
      "generalAndAdministrativeExpenses": 973000000,
      "sellingAndMarketingExpenses": 0,
      "sellingGeneralAndAdministrativeExpenses": 973000000,
      "otherExpenses": 23000000,
      "operatingExpenses": 1572000000,
      "costAndExpenses": 10646000000,
      "netInterestIncome": -64000000,
      "interestIncome": 11000000,
      "interestExpense": 75000000,
      "depreciationAndAmortization": 681000000,
      "ebitda": 2049000000,
      "ebit": 1368000000,
      "nonOperatingIncomeExcludingInterest": -56000000,
      "operatingIncome": 1312000000,
      "totalOtherIncomeExpensesNet": -19000000,
      "incomeBeforeTax": 1293000000,
      "incomeTaxExpense": 115000000,
      "netIncomeFromContinuingOperations": 1178000000,
      "netIncomeFromDiscontinuedOperations": 0,
      "otherAdjustmentsToNetIncome": 0,
      "netIncome": 1142000000,
      "netIncomeDeductions": -2000000,
      "bottomLineNetIncome": 1144000000,
      "eps": 0.39,
      "epsDiluted": 0.34,
      "weightedAverageShsOut": 2913000000,
      "weightedAverageShsOutDil": 3357000000
    },
    {
      "quarter_label": "2021-Q1",
      "date": "2021-03-31",
      "symbol": "TSLA",
      "reportedCurrency": "USD",
      "cik": "0001318605",
      "filingDate": "2021-04-28",
      "acceptedDate": "2021-04-27 20:02:05",
      "fiscalYear": "2021",
      "period": "Q1",
      "revenue": 10389000000,
      "costOfRevenue": 8174000000,
      "grossProfit": 2215000000,
      "researchAndDevelopmentExpenses": 666000000,
      "generalAndAdministrativeExpenses": 1056000000,
      "sellingAndMarketingExpenses": 0,
      "sellingGeneralAndAdministrativeExpenses": 1056000000,
      "otherExpenses": -101000000,
      "operatingExpenses": 1621000000,
      "costAndExpenses": 9795000000,
      "netInterestIncome": -89000000,
      "interestIncome": 10000000,
      "interestExpense": 99000000,
      "depreciationAndAmortization": 621000000,
      "ebitda": 1253000000,
      "ebit": 632000000,
      "nonOperatingIncomeExcludingInterest": -38000000,
      "operatingIncome": 594000000,
      "totalOtherIncomeExpensesNet": -61000000,
      "incomeBeforeTax": 533000000,
      "incomeTaxExpense": 69000000,
      "netIncomeFromContinuingOperations": 464000000,
      "netIncomeFromDiscontinuedOperations": 0,
      "otherAdjustmentsToNetIncome": 0,
      "netIncome": 438000000,
      "netIncomeDeductions": 0,
      "bottomLineNetIncome": 438000000,
      "eps": 0.15,
      "epsDiluted": 0.13,
      "weightedAverageShsOut": 2883000000,
      "weightedAverageShsOutDil": 3399000000
    },
    {
      "quarter_label": "2020-Q4",
      "date": "2020-12-31",
      "symbol": "TSLA",
      "reportedCurrency": "USD",
      "cik": "0001318605",
      "filingDate": "2021-02-08",
      "acceptedDate": "2021-02-08 07:27:23",
      "fiscalYear": "2020",
      "period": "Q4",
      "revenue": 10744000000,
      "costOfRevenue": 8678000000,
      "grossProfit": 2066000000,
      "researchAndDevelopmentExpenses": 522000000,
      "generalAndAdministrativeExpenses": 969000000,
      "sellingAndMarketingExpenses": 0,
      "sellingGeneralAndAdministrativeExpenses": 969000000,
      "otherExpenses": 0,
      "operatingExpenses": 1491000000,
      "costAndExpenses": 10169000000,
      "netInterestIncome": -240000000,
      "interestIncome": 6000000,
      "interestExpense": 246000000,
      "depreciationAndAmortization": 618000000,
      "ebitda": 1243000000,
      "ebit": 625000000,
      "nonOperatingIncomeExcludingInterest": -50000000,
      "operatingIncome": 575000000,
      "totalOtherIncomeExpensesNet": -196000000,
      "incomeBeforeTax": 379000000,
      "incomeTaxExpense": 83000000,
      "netIncomeFromContinuingOperations": 296000000,
      "netIncomeFromDiscontinuedOperations": 0,
      "otherAdjustmentsToNetIncome": 0,
      "netIncome": 239000000,
      "netIncomeDeductions": 0,
      "bottomLineNetIncome": 239000000,
      "eps": 0.0838,
      "epsDiluted": 0.0709,
      "weightedAverageShsOut": 2853000000,
      "weightedAverageShsOutDil": 3372000000
    },
    {
      "quarter_label": "2020-Q3",
      "date": "2020-09-30",
      "symbol": "TSLA",
      "reportedCurrency": "USD",
      "cik": "0001318605",
      "filingDate": "2020-10-26",
      "acceptedDate": "2020-10-26 06:06:44",
      "fiscalYear": "2020",
      "period": "Q3",
      "revenue": 8771000000,
      "costOfRevenue": 6708000000,
      "grossProfit": 2063000000,
      "researchAndDevelopmentExpenses": 366000000,
      "generalAndAdministrativeExpenses": 888000000,
      "sellingAndMarketingExpenses": 0,
      "sellingGeneralAndAdministrativeExpenses": 888000000,
      "otherExpenses": 0,
      "operatingExpenses": 1254000000,
      "costAndExpenses": 7962000000,
      "netInterestIncome": -157000000,
      "interestIncome": 6000000,
      "interestExpense": 163000000,
      "depreciationAndAmortization": 584000000,
      "ebitda": 1302000000,
      "ebit": 718000000,
      "nonOperatingIncomeExcludingInterest": 91000000,
      "operatingIncome": 809000000,
      "totalOtherIncomeExpensesNet": -254000000,
      "incomeBeforeTax": 555000000,
      "incomeTaxExpense": 186000000,
      "netIncomeFromContinuingOperations": 369000000,
      "netIncomeFromDiscontinuedOperations": 0,
      "otherAdjustmentsToNetIncome": -31000000,
      "netIncome": 300000000,
      "netIncomeDeductions": 0,
      "bottomLineNetIncome": 300000000,
      "eps": 0.11,
      "epsDiluted": 0.0905,
      "weightedAverageShsOut": 2811000000,
      "weightedAverageShsOutDil": 3315000000
    }
  ],
  "data_summary": {
    "earliest_quarter": "2020-Q3",
    "latest_quarter": "2025-Q2",
    "years_covered": 6
  }
}